<html lang="en" data-iceberg-theme="loblaw" data-theme="light" style="color-scheme: light;"><head><script src="https://www.mczbf.com/tags/1061500774760/tag.js" type="text/javascript" async="" id="cjapitag"></script><script src="https://connect.facebook.net/signals/config/408759993146884?v=2.9.235&amp;r=stable&amp;domain=www.loblaws.ca&amp;hme=17acfb61045d3371dfae695fa3b5ad6946c5e7b0f340bb5dc12b59e9cfc87854&amp;ex_m=88%2C149%2C129%2C19%2C123%2C62%2C42%2C124%2C69%2C61%2C136%2C77%2C13%2C87%2C27%2C118%2C109%2C67%2C70%2C117%2C133%2C96%2C138%2C7%2C3%2C4%2C6%2C5%2C2%2C78%2C86%2C139%2C215%2C161%2C56%2C220%2C217%2C218%2C49%2C176%2C26%2C66%2C224%2C223%2C164%2C29%2C55%2C8%2C58%2C82%2C83%2C84%2C89%2C113%2C28%2C25%2C116%2C112%2C111%2C130%2C68%2C132%2C131%2C44%2C114%2C54%2C106%2C12%2C135%2C39%2C205%2C207%2C171%2C22%2C23%2C24%2C16%2C17%2C38%2C34%2C36%2C35%2C73%2C79%2C81%2C94%2C122%2C125%2C40%2C95%2C20%2C18%2C100%2C63%2C32%2C127%2C126%2C128%2C119%2C21%2C31%2C53%2C93%2C134%2C64%2C15%2C30%2C186%2C157%2C266%2C203%2C147%2C189%2C182%2C91%2C115%2C72%2C104%2C48%2C41%2C102%2C103%2C108%2C52%2C14%2C110%2C101%2C59%2C43%2C97%2C47%2C50%2C46%2C85%2C137%2C0%2C107%2C11%2C105%2C9%2C1%2C51%2C80%2C57%2C60%2C99%2C76%2C75%2C45%2C120%2C74%2C71%2C65%2C98%2C90%2C37%2C121%2C33%2C92%2C10%2C140%2C230%2C229%2C231%2C236%2C237%2C238%2C234%2C226%2C163%2C166%2C165%2C210%2C201%2C225%2C227%2C268%2C204%2C150%2C216%2C168%2C195%2C178%2C159%2C265%2C144%2C156%2C167%2C151%2C184%2C158%2C141%2C197%2C244%2C143%2C172%2C193" async=""></script><script src="https://connect.facebook.net/signals/config/611159122717147?v=2.9.235&amp;r=stable&amp;domain=www.loblaws.ca&amp;hme=17acfb61045d3371dfae695fa3b5ad6946c5e7b0f340bb5dc12b59e9cfc87854&amp;ex_m=88%2C149%2C129%2C19%2C123%2C62%2C42%2C124%2C69%2C61%2C136%2C77%2C13%2C87%2C27%2C118%2C109%2C67%2C70%2C117%2C133%2C96%2C138%2C7%2C3%2C4%2C6%2C5%2C2%2C78%2C86%2C139%2C215%2C161%2C56%2C220%2C217%2C218%2C49%2C176%2C26%2C66%2C224%2C223%2C164%2C29%2C55%2C8%2C58%2C82%2C83%2C84%2C89%2C113%2C28%2C25%2C116%2C112%2C111%2C130%2C68%2C132%2C131%2C44%2C114%2C54%2C106%2C12%2C135%2C39%2C205%2C207%2C171%2C22%2C23%2C24%2C16%2C17%2C38%2C34%2C36%2C35%2C73%2C79%2C81%2C94%2C122%2C125%2C40%2C95%2C20%2C18%2C100%2C63%2C32%2C127%2C126%2C128%2C119%2C21%2C31%2C53%2C93%2C134%2C64%2C15%2C30%2C186%2C157%2C266%2C203%2C147%2C189%2C182%2C91%2C115%2C72%2C104%2C48%2C41%2C102%2C103%2C108%2C52%2C14%2C110%2C101%2C59%2C43%2C97%2C47%2C50%2C46%2C85%2C137%2C0%2C107%2C11%2C105%2C9%2C1%2C51%2C80%2C57%2C60%2C99%2C76%2C75%2C45%2C120%2C74%2C71%2C65%2C98%2C90%2C37%2C121%2C33%2C92%2C10%2C140" async=""></script><script async="" src="https://connect.facebook.net/en_US/fbevents.js"></script><script type="text/javascript" async="" src="https://www.googletagmanager.com/gtag/js?id=DC-9254617&amp;cx=c&amp;gtm=4e5a80"></script><script async="" src="https://www.googletagmanager.com/gtm.js?id=GTM-NPWHZ7F"></script><script async="" src="https://www.googletagmanager.com/gtm.js?id=GTM-WSZ6X6NM&amp;l=analyticsLayer"></script><script async="" src="https://www.googletagmanager.com/gtm.js?id=GTM-NPWHZ7F"></script><script type="text/javascript" src="https://www.loblaws.ca/public/20f56690dfe5285a8fdb689371c0f5c3137b73ac3918"></script><script src="https://p11.techlab-cdn.com/e/65319_1825172515.js" crossorigin="anonymous"></script><script src="https://p11.techlab-cdn.com/e/65257_1825202430.js" crossorigin="anonymous"></script><script src="https://p11.techlab-cdn.com/e/64885_1825202492.js" crossorigin="anonymous"></script><script src="https://p11.techlab-cdn.com/e/65226_747628124.js" crossorigin="anonymous"></script><script src="https://p11.techlab-cdn.com/e/64854_1825202523.js" crossorigin="anonymous"></script><script>window.__appInit = performance.now();</script><meta charset="utf-8"><meta name="viewport" content="width=device-width"><title>Eggs - Products for Sale | Loblaws</title><link href="https://assets.shop.loblaws.ca/ContentMedia/lsl/logos/64x64icon.ico" rel="icon"><meta content="kpVyoiC6EzHMVv841lc3nhxnOGd8TsAGzTcK7alBaAg" name="google-site-verification"><link href="https://data.signalayer.com" rel="preconnect"><link href="https://cdn.signalayer.com" rel="preconnect"><link href="https://t.signalayer.com" rel="preconnect"><link href="https://www.googletagmanager.com" rel="preconnect"><link href="https://dis-prod.assetful.loblaw.ca" rel="preconnect"><link href="https://cdn.contentful.com" rel="preconnect"><link href="https://assets.shop.loblaws.ca" rel="preconnect"><link href="https://assets.loblaws.ca" rel="preconnect"><link href="https://assets-platform.loblaws.ca" rel="preconnect"><link href="https://assets.shop.loblaws.ca/ContentMedia/lsl/logos/64x64icon.ico" media="all" rel="shortcut icon" type="image/x-icon"><link href="https://assets.shop.loblaws.ca/ContentMedia/pvg/icons/pcx_app_icon.jpg" rel="apple-touch-icon" type="image/x-icon"><link href="https://assets.shop.loblaws.ca/ContentMedia/pvg/icons/pcx_app_icon.jpg" rel="android-touch-icon" type="image/x-icon"><link href="https://assets.shop.loblaws.ca/ContentMedia/pvg/icons/pcx_app_icon.jpg" rel="windows-touch-icon" type="image/x-icon"><meta content="app-id=1194066746, affiliate-data=ct=smart-app-banner&amp;pt=1384326" name="apple-itunes-app"><meta content="app-id=pc.express.grocery.pickup&amp;hl=en_CA" name="google-play-app"><meta name="next-head-count" content="20"><script id="last-visited-cookie" data-nscript="beforeInteractive">document.cookie="lastVisited=".concat(+Date.now(),"; SameSite=None; Path=/; Secure; Max-Age=1707109200;");</script><link rel="preload" as="script" href="https://www.loblaws.ca/public/20f56690dfe5285a8fdb689371c0f5c3137b73ac3918"><link rel="preload" href="https://assets.loblaws.ca/pcx-iceberg/builds/production/1.8.2/a099d8fa/_next/static/css/f6eaf3004d249bd2.css" as="style"><link rel="stylesheet" href="https://assets.loblaws.ca/pcx-iceberg/builds/production/1.8.2/a099d8fa/_next/static/css/f6eaf3004d249bd2.css" data-n-g=""><noscript data-n-css=""></noscript><script defer="" nomodule="" src="https://assets.loblaws.ca/pcx-iceberg/builds/production/1.8.2/a099d8fa/_next/static/chunks/polyfills-42372ed130431b0a.js"></script><script src="https://assets.loblaws.ca/pcx-iceberg/builds/production/1.8.2/a099d8fa/_next/static/chunks/webpack-7add002ebd728036.js" defer=""></script><script src="https://assets.loblaws.ca/pcx-iceberg/builds/production/1.8.2/a099d8fa/_next/static/chunks/main-b5da4e948f7885f6.js" defer=""></script><script src="https://assets.loblaws.ca/pcx-iceberg/builds/production/1.8.2/a099d8fa/_next/static/chunks/6533-eb42398a3a64214e.js" defer=""></script><script src="https://assets.loblaws.ca/pcx-iceberg/builds/production/1.8.2/a099d8fa/_next/static/chunks/37089e96-7abd8b86a5bf9f27.js" defer=""></script><script src="https://assets.loblaws.ca/pcx-iceberg/builds/production/1.8.2/a099d8fa/_next/static/chunks/pages/_app-8d5d5162c92f6d21.js" defer=""></script><script src="https://assets.loblaws.ca/pcx-iceberg/builds/production/1.8.2/a099d8fa/_next/static/chunks/2131-207f0df826684dbf.js" defer=""></script><script src="https://assets.loblaws.ca/pcx-iceberg/builds/production/1.8.2/a099d8fa/_next/static/chunks/6207-6554554c3f35680b.js" defer=""></script><script src="https://assets.loblaws.ca/pcx-iceberg/builds/production/1.8.2/a099d8fa/_next/static/chunks/8837-e0bf6818c9b432e5.js" defer=""></script><script src="https://assets.loblaws.ca/pcx-iceberg/builds/production/1.8.2/a099d8fa/_next/static/chunks/3264-bf09e6e25ad0d34f.js" defer=""></script><script src="https://assets.loblaws.ca/pcx-iceberg/builds/production/1.8.2/a099d8fa/_next/static/chunks/9761-58597f0b55daec7a.js" defer=""></script><script src="https://assets.loblaws.ca/pcx-iceberg/builds/production/1.8.2/a099d8fa/_next/static/chunks/3644-d0bb57de9433c8ed.js" defer=""></script><script src="https://assets.loblaws.ca/pcx-iceberg/builds/production/1.8.2/a099d8fa/_next/static/chunks/8695-7f992b26447d4d86.js" defer=""></script><script src="https://assets.loblaws.ca/pcx-iceberg/builds/production/1.8.2/a099d8fa/_next/static/chunks/6673-871333c646ac3fd3.js" defer=""></script><script src="https://assets.loblaws.ca/pcx-iceberg/builds/production/1.8.2/a099d8fa/_next/static/chunks/5626-6e78001f1db3204e.js" defer=""></script><script src="https://assets.loblaws.ca/pcx-iceberg/builds/production/1.8.2/a099d8fa/_next/static/chunks/3358-238cb868eaf868eb.js" defer=""></script><script src="https://assets.loblaws.ca/pcx-iceberg/builds/production/1.8.2/a099d8fa/_next/static/chunks/1944-539e063e79af066b.js" defer=""></script><script src="https://assets.loblaws.ca/pcx-iceberg/builds/production/1.8.2/a099d8fa/_next/static/chunks/490-9b724d00cbed0dcf.js" defer=""></script><script src="https://assets.loblaws.ca/pcx-iceberg/builds/production/1.8.2/a099d8fa/_next/static/chunks/5621-e2e5e1e4ea269bd3.js" defer=""></script><script src="https://assets.loblaws.ca/pcx-iceberg/builds/production/1.8.2/a099d8fa/_next/static/chunks/7027-eb50977d0f5f9997.js" defer=""></script><script src="https://assets.loblaws.ca/pcx-iceberg/builds/production/1.8.2/a099d8fa/_next/static/chunks/4168-58384bd31599c081.js" defer=""></script><script src="https://assets.loblaws.ca/pcx-iceberg/builds/production/1.8.2/a099d8fa/_next/static/chunks/8276-60b11696984622ee.js" defer=""></script><script src="https://assets.loblaws.ca/pcx-iceberg/builds/production/1.8.2/a099d8fa/_next/static/chunks/2388-f44044f098684a26.js" defer=""></script><script src="https://assets.loblaws.ca/pcx-iceberg/builds/production/1.8.2/a099d8fa/_next/static/chunks/3430-6c7a0bdaafb48789.js" defer=""></script><script src="https://assets.loblaws.ca/pcx-iceberg/builds/production/1.8.2/a099d8fa/_next/static/chunks/5774-23755b91de00d988.js" defer=""></script><script src="https://assets.loblaws.ca/pcx-iceberg/builds/production/1.8.2/a099d8fa/_next/static/chunks/1951-773f1b58f7a98a39.js" defer=""></script><script src="https://assets.loblaws.ca/pcx-iceberg/builds/production/1.8.2/a099d8fa/_next/static/chunks/3493-b7b16c1d9ac666c7.js" defer=""></script><script src="https://assets.loblaws.ca/pcx-iceberg/builds/production/1.8.2/a099d8fa/_next/static/chunks/3002-8b194b707d71604c.js" defer=""></script><script src="https://assets.loblaws.ca/pcx-iceberg/builds/production/1.8.2/a099d8fa/_next/static/chunks/9991-bce0698d4ec67e8d.js" defer=""></script><script src="https://assets.loblaws.ca/pcx-iceberg/builds/production/1.8.2/a099d8fa/_next/static/chunks/684-1f00477a00d26c0c.js" defer=""></script><script src="https://assets.loblaws.ca/pcx-iceberg/builds/production/1.8.2/a099d8fa/_next/static/chunks/4221-ceb2ab8dc4dfeb47.js" defer=""></script><script src="https://assets.loblaws.ca/pcx-iceberg/builds/production/1.8.2/a099d8fa/_next/static/chunks/9359-f4fa2d14222c52d4.js" defer=""></script><script src="https://assets.loblaws.ca/pcx-iceberg/builds/production/1.8.2/a099d8fa/_next/static/chunks/1939-d77f378bfb085bd0.js" defer=""></script><script src="https://assets.loblaws.ca/pcx-iceberg/builds/production/1.8.2/a099d8fa/_next/static/chunks/7212-28256d23ed008323.js" defer=""></script><script src="https://assets.loblaws.ca/pcx-iceberg/builds/production/1.8.2/a099d8fa/_next/static/chunks/834-bfd73e3ed95cebdb.js" defer=""></script><script src="https://assets.loblaws.ca/pcx-iceberg/builds/production/1.8.2/a099d8fa/_next/static/chunks/4109-4544ffcf6b4cd070.js" defer=""></script><script src="https://assets.loblaws.ca/pcx-iceberg/builds/production/1.8.2/a099d8fa/_next/static/chunks/8423-af1a7a3a5f9ff607.js" defer=""></script><script src="https://assets.loblaws.ca/pcx-iceberg/builds/production/1.8.2/a099d8fa/_next/static/chunks/8308-677f34b9fde5c2a2.js" defer=""></script><script src="https://assets.loblaws.ca/pcx-iceberg/builds/production/1.8.2/a099d8fa/_next/static/chunks/5441-f19b487e35f01eb2.js" defer=""></script><script src="https://assets.loblaws.ca/pcx-iceberg/builds/production/1.8.2/a099d8fa/_next/static/chunks/8353-feb102a5e4dedde2.js" defer=""></script><script src="https://assets.loblaws.ca/pcx-iceberg/builds/production/1.8.2/a099d8fa/_next/static/chunks/67-5c4828de4f93d88d.js" defer=""></script><script src="https://assets.loblaws.ca/pcx-iceberg/builds/production/1.8.2/a099d8fa/_next/static/chunks/8495-9f4ac318555a6ce1.js" defer=""></script><script src="https://assets.loblaws.ca/pcx-iceberg/builds/production/1.8.2/a099d8fa/_next/static/chunks/2057-9ebaa5ad9e8252e3.js" defer=""></script><script src="https://assets.loblaws.ca/pcx-iceberg/builds/production/1.8.2/a099d8fa/_next/static/chunks/6701-595ecb98e62985ca.js" defer=""></script><script src="https://assets.loblaws.ca/pcx-iceberg/builds/production/1.8.2/a099d8fa/_next/static/chunks/5156-691b9b66faf4a8e5.js" defer=""></script><script src="https://assets.loblaws.ca/pcx-iceberg/builds/production/1.8.2/a099d8fa/_next/static/chunks/1027-cb38e71075ce2c39.js" defer=""></script><script src="https://assets.loblaws.ca/pcx-iceberg/builds/production/1.8.2/a099d8fa/_next/static/chunks/1713-f9ebffe54c9f684d.js" defer=""></script><script src="https://assets.loblaws.ca/pcx-iceberg/builds/production/1.8.2/a099d8fa/_next/static/chunks/8433-129c40b74cc8119e.js" defer=""></script><script src="https://assets.loblaws.ca/pcx-iceberg/builds/production/1.8.2/a099d8fa/_next/static/chunks/9373-de2c8a4599ae3775.js" defer=""></script><script src="https://assets.loblaws.ca/pcx-iceberg/builds/production/1.8.2/a099d8fa/_next/static/chunks/c7967772-46bf7b7a318d3975.js" defer=""></script><script src="https://assets.loblaws.ca/pcx-iceberg/builds/production/1.8.2/a099d8fa/_next/static/chunks/4633f997-dcdac1f547d89390.js" defer=""></script><script src="https://assets.loblaws.ca/pcx-iceberg/builds/production/1.8.2/a099d8fa/_next/static/chunks/2cc4f609-4b07f048693c1482.js" defer=""></script><script src="https://assets.loblaws.ca/pcx-iceberg/builds/production/1.8.2/a099d8fa/_next/static/chunks/53aee0dd-57a2fee4cdccb5eb.js" defer=""></script><script src="https://assets.loblaws.ca/pcx-iceberg/builds/production/1.8.2/a099d8fa/_next/static/chunks/4b3cb81b-23447fc935907e27.js" defer=""></script><script src="https://assets.loblaws.ca/pcx-iceberg/builds/production/1.8.2/a099d8fa/_next/static/chunks/9080-64467154ce914731.js" defer=""></script><script src="https://assets.loblaws.ca/pcx-iceberg/builds/production/1.8.2/a099d8fa/_next/static/chunks/7370-cab7ca264fff5f89.js" defer=""></script><script src="https://assets.loblaws.ca/pcx-iceberg/builds/production/1.8.2/a099d8fa/_next/static/chunks/3305-5f130866a717a1a1.js" defer=""></script><script src="https://assets.loblaws.ca/pcx-iceberg/builds/production/1.8.2/a099d8fa/_next/static/chunks/1296-bdd84dd51423b02b.js" defer=""></script><script src="https://assets.loblaws.ca/pcx-iceberg/builds/production/1.8.2/a099d8fa/_next/static/chunks/5796-853810c21623cf0a.js" defer=""></script><script src="https://assets.loblaws.ca/pcx-iceberg/builds/production/1.8.2/a099d8fa/_next/static/chunks/pages/search-f1d22c7c0da76f80.js" defer=""></script><script src="https://assets.loblaws.ca/pcx-iceberg/builds/production/1.8.2/a099d8fa/_next/static/ngMJ3exLB3vg9n4zo2ym1/_buildManifest.js" defer=""></script><script src="https://assets.loblaws.ca/pcx-iceberg/builds/production/1.8.2/a099d8fa/_next/static/ngMJ3exLB3vg9n4zo2ym1/_ssgManifest.js" defer=""></script><style data-emotion="css-global" data-s=""></style><style data-emotion="css-global" data-s=""></style><style data-emotion="css-global" data-s=""></style><style data-emotion="css-global" data-s=""></style><style data-emotion="css-global" data-s=""></style><style data-emotion="css 1nntebs" data-s="">.css-1nntebs{display:grid;grid-gap:1rem;grid-template-columns:100%;width:100%;max-width:81rem;-webkit-padding-start:1rem;padding-inline-start:1rem;-webkit-padding-end:1rem;padding-inline-end:1rem;margin-top:0px;-webkit-margin-start:auto;margin-inline-start:auto;-webkit-margin-end:auto;margin-inline-end:auto;}@media screen and (min-width: 56.25em){.css-1nntebs{-webkit-padding-start:2rem;padding-inline-start:2rem;-webkit-padding-end:2rem;padding-inline-end:2rem;}}@media screen and (min-width: 64em){.css-1nntebs{grid-template-columns:minmax(13.125rem, 18.75rem) minmax(0, 1fr);margin-top:1rem;}}@media screen and (min-width: 86em){.css-1nntebs{grid-template-columns:18.75rem minmax(0, 1fr);-webkit-padding-start:2.5rem;padding-inline-start:2.5rem;-webkit-padding-end:2.5rem;padding-inline-end:2.5rem;}}</style><style data-emotion="css cg3dyc" data-s="">.css-cg3dyc>div.chakra-container,.css-cg3dyc>section div.chakra-container{padding:0;margin:0;}</style><style data-emotion="css 1o5imin" data-s="">.css-1o5imin{display:none;}@media screen and (min-width: 64em){.css-1o5imin{display:block;}}</style><style data-emotion="css mbo8zu" data-s="">.css-mbo8zu{font-family:Inter;font-weight:600;font-size:1.125rem;line-height:120%;padding-top:1rem;padding-bottom:1rem;letter-spacing:0;}</style><style data-emotion="css 8atqhb" data-s="">.css-8atqhb{width:100%;}</style><style data-emotion="css 1eqvzj9" data-s="">.css-1eqvzj9{border-top-width:1px;border-color:inherit;overflow-anchor:none;border-bottom:#cccccc solid 1px;border-top:0;}.css-1eqvzj9:last-of-type{border-bottom-width:1px;}</style><style data-emotion="css hrnt5e" data-s="">.css-hrnt5e{display:-webkit-box;display:-webkit-flex;display:-ms-flexbox;display:flex;-webkit-align-items:center;-webkit-box-align:center;-ms-flex-align:center;align-items:center;width:100%;outline:2px solid transparent;outline-offset:2px;transition-property:var(--chakra-transition-property-common);transition-duration:var(--chakra-transition-duration-normal);font-size:var(--chakra-fontSizes-md);-webkit-padding-start:0px;padding-inline-start:0px;-webkit-padding-end:0px;padding-inline-end:0px;padding-top:0.5rem;padding-bottom:0.5rem;box-sizing:content-box;min-height:2rem;border-bottom:0;}.css-hrnt5e:focus-visible,.css-hrnt5e[data-focus-visible]{box-shadow:var(--chakra-shadows-outline);}.css-hrnt5e:disabled,.css-hrnt5e[disabled],.css-hrnt5e[aria-disabled=true],.css-hrnt5e[data-disabled]{opacity:0.4;cursor:not-allowed;}</style><style data-emotion="css gc18h7" data-s="">.css-gc18h7{display:-webkit-box;display:-webkit-flex;display:-ms-flexbox;display:flex;-webkit-flex:1;-ms-flex:1;flex:1;text-align:left;}</style><style data-emotion="css 84zodg" data-s="">.css-84zodg{display:-webkit-box;display:-webkit-flex;display:-ms-flexbox;display:flex;-webkit-align-items:center;-webkit-box-align:center;-ms-flex-align:center;align-items:center;-webkit-flex-direction:row;-ms-flex-direction:row;flex-direction:row;}.css-84zodg>*:not(style)~*:not(style){margin-top:0px;-webkit-margin-end:0px;margin-inline-end:0px;margin-bottom:0px;-webkit-margin-start:0.5rem;margin-inline-start:0.5rem;}</style><style data-emotion="css 189nqhe" data-s="">.css-189nqhe{font-family:Inter;font-weight:300;font-size:1rem;line-height:120%;letter-spacing:0;}</style><style data-emotion="css 17nyvs4" data-s="">.css-17nyvs4{width:1em;height:1em;display:inline-block;line-height:1em;-webkit-flex-shrink:0;-ms-flex-negative:0;flex-shrink:0;color:#00817F;opacity:1;-webkit-transition:-webkit-transform 0.2s;transition:transform 0.2s;transform-origin:center;font-size:1.25rem;vertical-align:middle;}</style><style data-emotion="css 1vur3y6" data-s="">.css-1vur3y6{padding-top:0px;-webkit-padding-start:var(--chakra-space-4);padding-inline-start:var(--chakra-space-4);-webkit-padding-end:var(--chakra-space-4);padding-inline-end:var(--chakra-space-4);padding-bottom:var(--chakra-space-4);padding-left:0px;padding-right:0px;}.css-1vur3y6 li::marker{font-size:0px;}</style><style data-emotion="css uwwqev" data-s="">.css-uwwqev{width:100%;height:100%;}</style><style data-emotion="css bqp60w" data-s="">.css-bqp60w{max-height:19.75rem;width:100%;padding-right:0.25rem;overflow-y:auto;margin-top:1rem;margin-bottom:1rem;}.css-bqp60w::-webkit-scrollbar{width:0.75rem;border-radius:12px;background-color:#f0f0f0;}.css-bqp60w::-webkit-scrollbar-thumb{background-color:#666b73;border-radius:12px;}</style><style data-emotion="css pc4dq5" data-s="">.css-pc4dq5{list-style-type:none;padding:0.5rem;padding-top:0px;padding-left:0px;}.css-pc4dq5>*:not(style)~*:not(style){margin-top:1.5rem;}</style><style data-emotion="css pqixsk" data-s="">.css-pqixsk{padding-left:1rem;color:#333333;}</style><style data-emotion="css ggxs4f" data-s="">.css-ggxs4f{transition-property:var(--chakra-transition-property-common);transition-duration:var(--chakra-transition-duration-fast);transition-timing-function:var(--chakra-transition-easing-ease-out);cursor:pointer;-webkit-text-decoration:none;text-decoration:none;outline:2px solid transparent;outline-offset:2px;color:inherit;font-family:Inter;font-weight:300;line-height:120%;font-size:1rem;letter-spacing:0;}.css-ggxs4f:hover,.css-ggxs4f[data-hover]{-webkit-text-decoration:underline;text-decoration:underline;}.css-ggxs4f:hover borderBottom,.css-ggxs4f[data-hover] borderBottom{color:#cccccc;width:1px;style:solid;}.css-ggxs4f:focus-visible,.css-ggxs4f[data-focus-visible]{box-shadow:var(--chakra-shadows-outline);}</style><style data-emotion="css olyig7" data-s="">.css-olyig7{padding:0.5rem;}</style><style data-emotion="css 4302v8" data-s="">.css-4302v8{width:100%;display:-webkit-box;display:-webkit-flex;display:-ms-flexbox;display:flex;position:relative;}</style><style data-emotion="css 1ty2cnd" data-s="">.css-1ty2cnd{width:100%;min-width:0px;outline:2px solid transparent;outline-offset:2px;position:relative;-webkit-appearance:none;-moz-appearance:none;-ms-appearance:none;appearance:none;transition-property:var(--chakra-transition-property-common);transition-duration:var(--chakra-transition-duration-normal);font-size:1rem;-webkit-padding-start:1rem;padding-inline-start:1rem;-webkit-padding-end:var(--chakra-space-10);padding-inline-end:var(--chakra-space-10);height:2.5rem;border-radius:20px;border:1px solid;border-color:#cccccc;background:inherit;padding-top:0.5rem;padding-bottom:0.5rem;background-color:#ffffff;color:#333333;box-shadow:var(--chakra-shadows-none);font-family:Inter;font-weight:300;line-height:120%;letter-spacing:0;}.css-1ty2cnd:disabled,.css-1ty2cnd[disabled],.css-1ty2cnd[aria-disabled=true],.css-1ty2cnd[data-disabled]{opacity:0.4;cursor:not-allowed;}.css-1ty2cnd:hover,.css-1ty2cnd[data-hover]{border-color:#666b73;}.css-1ty2cnd[aria-readonly=true],.css-1ty2cnd[readonly],.css-1ty2cnd[data-readonly]{box-shadow:var(--chakra-shadows-none)!important;-webkit-user-select:all;-moz-user-select:all;-ms-user-select:all;user-select:all;}.css-1ty2cnd[aria-invalid=true],.css-1ty2cnd[data-invalid]{border-color:#E53E3E;box-shadow:0 0 0 1px #E53E3E;}.css-1ty2cnd:focus-visible,.css-1ty2cnd[data-focus-visible]{z-index:1;box-shadow:0 0 0 1px undefined;}.css-1ty2cnd::-webkit-input-placeholder{color:#666b73;}.css-1ty2cnd::-moz-placeholder{color:#666b73;}.css-1ty2cnd:-ms-input-placeholder{color:#666b73;}.css-1ty2cnd::placeholder{color:#666b73;}.css-1ty2cnd:active,.css-1ty2cnd[data-active]{border-color:#333333;}</style><style data-emotion="css 63df2i" data-s="">.css-63df2i{right:3rem;width:var(--chakra-sizes-10);height:var(--chakra-sizes-10);font-size:var(--chakra-fontSizes-md);display:-webkit-box;display:-webkit-flex;display:-ms-flexbox;display:flex;-webkit-align-items:center;-webkit-box-align:center;-ms-flex-align:center;align-items:center;-webkit-box-pack:center;-ms-flex-pack:center;-webkit-justify-content:center;justify-content:center;position:absolute;top:50%;z-index:2;-webkit-transform:translateY(-50%);-moz-transform:translateY(-50%);-ms-transform:translateY(-50%);transform:translateY(-50%);}</style><style data-emotion="css 5st33z" data-s="">.css-5st33z{right:0.625rem;width:var(--chakra-sizes-10);height:var(--chakra-sizes-10);font-size:var(--chakra-fontSizes-md);display:-webkit-box;display:-webkit-flex;display:-ms-flexbox;display:flex;-webkit-align-items:center;-webkit-box-align:center;-ms-flex-align:center;align-items:center;-webkit-box-pack:center;-ms-flex-pack:center;-webkit-justify-content:center;justify-content:center;position:absolute;top:50%;z-index:2;-webkit-transform:translateY(-50%);-moz-transform:translateY(-50%);-ms-transform:translateY(-50%);transform:translateY(-50%);}</style><style data-emotion="css ut5zhj" data-s="">.css-ut5zhj{display:-webkit-inline-box;display:-webkit-inline-flex;display:-ms-inline-flexbox;display:inline-flex;-webkit-appearance:none;-moz-appearance:none;-ms-appearance:none;appearance:none;-webkit-align-items:center;-webkit-box-align:center;-ms-flex-align:center;align-items:center;-webkit-box-pack:center;-ms-flex-pack:center;-webkit-justify-content:center;justify-content:center;-webkit-user-select:none;-moz-user-select:none;-ms-user-select:none;user-select:none;position:relative;white-space:nowrap;vertical-align:middle;outline:2px solid transparent;outline-offset:2px;line-height:120%;border-radius:4px;font-weight:300;transition-property:var(--chakra-transition-property-common);transition-duration:var(--chakra-transition-duration-normal);padding:0px;border-width:1px;border-color:var(--chakra-colors-transparent);min-height:2rem;font-family:Inter;font-size:1.25rem;letter-spacing:0;color:inherit;border:0;-webkit-padding-start:0.5rem;padding-inline-start:0.5rem;-webkit-padding-end:0.5rem;padding-inline-end:0.5rem;}.css-ut5zhj:focus-visible,.css-ut5zhj[data-focus-visible]{box-shadow:var(--chakra-shadows-outline);}.css-ut5zhj:disabled,.css-ut5zhj[disabled],.css-ut5zhj[aria-disabled=true],.css-ut5zhj[data-disabled]{opacity:0.4;cursor:not-allowed;box-shadow:var(--chakra-shadows-none);}.css-ut5zhj:hover,.css-ut5zhj[data-hover]{background-color:none;}.css-ut5zhj:active,.css-ut5zhj[data-active]{background-color:none;}</style><style data-emotion="css idkz9h" data-s="">.css-idkz9h{border:0;clip:rect(0, 0, 0, 0);height:1px;width:1px;margin:-1px;padding:0px;overflow:hidden;white-space:nowrap;position:absolute;}</style><style data-emotion="css nl9jwl" data-s="">.css-nl9jwl{max-height:19.75rem;width:100%;padding-right:0.25rem;overflow-y:auto;padding-top:0.5rem;padding-bottom:0.5rem;padding-left:0.5rem;}.css-nl9jwl::-webkit-scrollbar{width:0.75rem;border-radius:12px;background-color:#f0f0f0;}.css-nl9jwl::-webkit-scrollbar-thumb{background-color:#666b73;border-radius:12px;}</style><style data-emotion="css 155za0w" data-s="">.css-155za0w{list-style-type:none;}</style><style data-emotion="css 1gpkbbx" data-s="">.css-1gpkbbx{cursor:pointer;display:-webkit-inline-box;display:-webkit-inline-flex;display:-ms-inline-flexbox;display:inline-flex;-webkit-align-items:center;-webkit-box-align:center;-ms-flex-align:center;align-items:center;vertical-align:top;position:relative;min-height:2rem;}.css-1gpkbbx:disabled,.css-1gpkbbx[disabled],.css-1gpkbbx[aria-disabled=true],.css-1gpkbbx[data-disabled]{cursor:not-allowed;}</style><style data-emotion="css fqst55" data-s="">.css-fqst55{display:-webkit-inline-box;display:-webkit-inline-flex;display:-ms-inline-flexbox;display:inline-flex;-webkit-align-items:center;-webkit-box-align:center;-ms-flex-align:center;align-items:center;-webkit-box-pack:center;-ms-flex-pack:center;-webkit-justify-content:center;justify-content:center;vertical-align:top;-webkit-user-select:none;-moz-user-select:none;-ms-user-select:none;user-select:none;-webkit-flex-shrink:0;-ms-flex-negative:0;flex-shrink:0;width:1.25rem;height:1.25rem;transition-property:box-shadow;transition-duration:var(--chakra-transition-duration-normal);border:2px solid;border-radius:2px;border-color:#333333;color:var(--chakra-colors-white);border-style:solid;border-width:1px;}.css-fqst55[aria-checked=true],.css-fqst55[data-checked]{background:var(--chakra-colors-blue-500);border-color:#00817F;color:var(--chakra-colors-white);background-color:#00817F;}.css-fqst55[aria-checked=true]:hover,.css-fqst55[data-checked]:hover,.css-fqst55[aria-checked=true][data-hover],.css-fqst55[data-checked][data-hover]{background:var(--chakra-colors-blue-600);border-color:#00817F;background-color:#00817F;}.css-fqst55[aria-checked=true]:disabled,.css-fqst55[data-checked]:disabled,.css-fqst55[aria-checked=true][disabled],.css-fqst55[data-checked][disabled],.css-fqst55[aria-checked=true][aria-disabled=true],.css-fqst55[data-checked][aria-disabled=true],.css-fqst55[aria-checked=true][data-disabled],.css-fqst55[data-checked][data-disabled]{border-color:var(--chakra-colors-gray-200);background:var(--chakra-colors-gray-200);color:var(--chakra-colors-gray-500);}.css-fqst55:indeterminate,.css-fqst55[aria-checked=mixed],.css-fqst55[data-indeterminate]{background:var(--chakra-colors-blue-500);border-color:var(--chakra-colors-blue-500);color:var(--chakra-colors-white);}.css-fqst55:disabled,.css-fqst55[disabled],.css-fqst55[aria-disabled=true],.css-fqst55[data-disabled]{background:var(--chakra-colors-gray-100);border-color:var(--chakra-colors-gray-100);}.css-fqst55:focus-visible,.css-fqst55[data-focus-visible]{box-shadow:var(--chakra-shadows-outline);}.css-fqst55[aria-invalid=true],.css-fqst55[data-invalid]{border-color:var(--chakra-colors-red-500);}</style><style data-emotion="css 1v0cjfs" data-s="">.css-1v0cjfs{-webkit-margin-start:0.5rem;margin-inline-start:0.5rem;-webkit-user-select:none;-moz-user-select:none;-ms-user-select:none;user-select:none;font-family:Inter;font-weight:300;line-height:120%;font-size:1rem;letter-spacing:0;color:#333333;padding-top:0rem;}.css-1v0cjfs:disabled,.css-1v0cjfs[disabled],.css-1v0cjfs[aria-disabled=true],.css-1v0cjfs[data-disabled]{opacity:0.4;}</style><style data-emotion="css 1nsfdkm" data-s="">.css-1nsfdkm{display:-webkit-box;display:-webkit-flex;display:-ms-flexbox;display:flex;-webkit-align-items:center;-webkit-box-align:center;-ms-flex-align:center;align-items:center;gap:0.25rem;}</style><style data-emotion="css 7nb5qz" data-s="">.css-7nb5qz{display:none;margin-top:56px;}@media screen and (min-width: 64em){.css-7nb5qz{display:block;}}</style><style data-emotion="css 1rapmbw" data-s="">.css-1rapmbw{position:relative;max-height:4.69rem;overflow:hidden;}.css-1rapmbw>*:not(style){overflow:hidden;position:absolute;top:0px;right:0px;bottom:0px;left:0px;display:-webkit-box;display:-webkit-flex;display:-ms-flexbox;display:flex;-webkit-box-pack:center;-ms-flex-pack:center;-webkit-justify-content:center;justify-content:center;-webkit-align-items:center;-webkit-box-align:center;-ms-flex-align:center;align-items:center;width:100%;height:100%;}.css-1rapmbw>img,.css-1rapmbw>video{object-fit:cover;}.css-1rapmbw::before{height:0px;content:"";display:block;padding-bottom:16.666666666666664%;}</style><style data-emotion="css k5meov animation-14pkoxc" data-s="">.css-k5meov{--skeleton-start-color:var(--chakra-colors-gray-100);--skeleton-end-color:var(--chakra-colors-gray-400);background:var(--skeleton-start-color);border-color:var(--skeleton-end-color);opacity:0.7;border-radius:var(--chakra-radii-sm);-webkit-animation:0.8s linear infinite alternate animation-14pkoxc;animation:0.8s linear infinite alternate animation-14pkoxc;box-shadow:var(--chakra-shadows-none);-webkit-background-clip:padding-box;background-clip:padding-box;cursor:default;color:var(--chakra-colors-transparent);pointer-events:none;-webkit-user-select:none;-moz-user-select:none;-ms-user-select:none;user-select:none;width:100%;}.css-k5meov::before,.css-k5meov::after,.css-k5meov *{visibility:hidden;}@-webkit-keyframes animation-14pkoxc{from{border-color:var(--skeleton-start-color);background:var(--skeleton-start-color);}to{border-color:var(--skeleton-end-color);background:var(--skeleton-end-color);}}@keyframes animation-14pkoxc{from{border-color:var(--skeleton-start-color);background:var(--skeleton-start-color);}to{border-color:var(--skeleton-end-color);background:var(--skeleton-end-color);}}</style><style data-emotion="css 18f7ypz" data-s="">.css-18f7ypz{margin-top:1rem;}@media screen and (min-width: 64em){.css-18f7ypz{margin-top:0px;}}</style><style data-emotion="css bk4ecg" data-s="">.css-bk4ecg>div.chakra-container,.css-bk4ecg>section div.chakra-container{padding:0 0 1rem;margin:1rem 0 0;}</style><style data-emotion="css 1kxdru8" data-s="">.css-1kxdru8{width:100%;-webkit-margin-start:auto;margin-inline-start:auto;-webkit-margin-end:auto;margin-inline-end:auto;max-width:86rem;-webkit-padding-start:1rem;padding-inline-start:1rem;-webkit-padding-end:1rem;padding-inline-end:1rem;margin-top:2.5rem;margin-bottom:2.5rem;padding-top:0px;padding-bottom:0px;}@media screen and (min-width: 56.25em){.css-1kxdru8{-webkit-padding-start:2rem;padding-inline-start:2rem;-webkit-padding-end:2rem;padding-inline-end:2rem;margin-top:2.5rem;margin-bottom:2.5rem;}}@media screen and (min-width: 86em){.css-1kxdru8{-webkit-padding-start:2rem;padding-inline-start:2rem;-webkit-padding-end:2rem;padding-inline-end:2rem;margin-top:2.5rem;margin-bottom:2.5rem;}}</style><style data-emotion="css 19ld4rj" data-s="">.css-19ld4rj{display:-webkit-box;display:-webkit-flex;display:-ms-flexbox;display:flex;-webkit-flex-direction:column;-ms-flex-direction:column;flex-direction:column;padding-bottom:0.75rem;gap:0.5rem;position:3px;}</style><style data-emotion="css j7qwjs" data-s="">.css-j7qwjs{display:-webkit-box;display:-webkit-flex;display:-ms-flexbox;display:flex;-webkit-flex-direction:column;-ms-flex-direction:column;flex-direction:column;}</style><style data-emotion="css 2imjyh" data-s="">.css-2imjyh{display:-webkit-box;display:-webkit-flex;display:-ms-flexbox;display:flex;-webkit-box-flex-wrap:wrap;-webkit-flex-wrap:wrap;-ms-flex-wrap:wrap;flex-wrap:wrap;}</style><style data-emotion="css 1vsufqn" data-s="">.css-1vsufqn{display:-webkit-box;display:-webkit-flex;display:-ms-flexbox;display:flex;-webkit-flex-direction:row;-ms-flex-direction:row;flex-direction:row;-webkit-align-items:center;-webkit-box-align:center;-ms-flex-align:center;align-items:center;-webkit-column-gap:0.5rem;column-gap:0.5rem;gap:0.5rem;width:100%;}@media screen and (min-width: 40.625em){.css-1vsufqn{-webkit-flex-direction:row;-ms-flex-direction:row;flex-direction:row;-webkit-align-items:center;-webkit-box-align:center;-ms-flex-align:center;align-items:center;}}</style><style data-emotion="css 117go8d" data-s="">.css-117go8d{display:-webkit-box;display:-webkit-flex;display:-ms-flexbox;display:flex;-webkit-flex-direction:column;-ms-flex-direction:column;flex-direction:column;-webkit-box-pack:LEFT;-ms-flex-pack:LEFT;-webkit-justify-content:LEFT;justify-content:LEFT;-webkit-flex:1;-ms-flex:1;flex:1;}</style><style data-emotion="css 1pzcvyn" data-s="">.css-1pzcvyn{display:-webkit-box;display:-webkit-flex;display:-ms-flexbox;display:flex;-webkit-box-pack:LEFT;-ms-flex-pack:LEFT;-webkit-justify-content:LEFT;justify-content:LEFT;-webkit-flex:1;-ms-flex:1;flex:1;}</style><style data-emotion="css 1yycbd9" data-s="">.css-1yycbd9{font-family:Montserrat;font-weight:600;font-size:1.75rem;line-height:120%;text-align:left;color:#333333;letter-spacing:-1%;}@media screen and (min-width: 40.625em){.css-1yycbd9{font-family:Montserrat;font-weight:600;font-size:2rem;line-height:120%;letter-spacing:-1%;}}@media screen and (min-width: 64em){.css-1yycbd9{font-family:Montserrat;font-weight:600;font-size:2.5rem;line-height:120%;letter-spacing:-1%;}}</style><style data-emotion="css k008qs" data-s="">.css-k008qs{display:-webkit-box;display:-webkit-flex;display:-ms-flexbox;display:flex;}</style><style data-emotion="css p58oka" data-s="">.css-p58oka{display:-webkit-box;display:-webkit-flex;display:-ms-flexbox;display:flex;-webkit-flex-direction:row;-ms-flex-direction:row;flex-direction:row;-webkit-box-flex-wrap:wrap;-webkit-flex-wrap:wrap;-ms-flex-wrap:wrap;flex-wrap:wrap;}</style><style data-emotion="css 1gu6m02" data-s="">.css-1gu6m02{margin-right:1rem;margin-bottom:1rem;}</style><style data-emotion="css 2lej6t" data-s="">.css-2lej6t{cursor:pointer;display:-webkit-inline-box;display:-webkit-inline-flex;display:-ms-inline-flexbox;display:inline-flex;-webkit-align-items:center;-webkit-box-align:center;-ms-flex-align:center;align-items:center;vertical-align:top;position:relative;min-height:2rem;-webkit-transition:border 0.2s ease;transition:border 0.2s ease;border-color:#cccccc;border-style:solid;border-radius:4px;border-width:1px;padding-left:0.5rem;padding-right:0.5rem;}.css-2lej6t:disabled,.css-2lej6t[disabled],.css-2lej6t[aria-disabled=true],.css-2lej6t[data-disabled]{cursor:not-allowed;}.css-2lej6t:hover,.css-2lej6t[data-hover]{border-color:#333333;border-style:solid;border-width:1px;}</style><style data-emotion="css 1lcld11" data-s="">.css-1lcld11{-webkit-margin-start:0.5rem;margin-inline-start:0.5rem;-webkit-user-select:none;-moz-user-select:none;-ms-user-select:none;user-select:none;font-family:Inter;font-weight:300;line-height:120%;font-size:1rem;letter-spacing:0;color:#00817F;padding-top:0rem;}.css-1lcld11:disabled,.css-1lcld11[disabled],.css-1lcld11[aria-disabled=true],.css-1lcld11[data-disabled]{opacity:0.4;}</style><style data-emotion="css undwlk" data-s="">.css-undwlk{display:-webkit-inline-box;display:-webkit-inline-flex;display:-ms-inline-flexbox;display:inline-flex;-webkit-appearance:none;-moz-appearance:none;-ms-appearance:none;appearance:none;-webkit-align-items:center;-webkit-box-align:center;-ms-flex-align:center;align-items:center;-webkit-box-pack:center;-ms-flex-pack:center;-webkit-justify-content:center;justify-content:center;-webkit-user-select:none;-moz-user-select:none;-ms-user-select:none;user-select:none;position:relative;white-space:nowrap;vertical-align:middle;outline:2px solid transparent;outline-offset:2px;line-height:120%;border-radius:4px;font-weight:300;transition-property:var(--chakra-transition-property-common);transition-duration:var(--chakra-transition-duration-normal);padding:0.25rem 0.5rem;border-width:1px;border-color:var(--chakra-colors-transparent);min-height:2rem;font-family:Inter;font-size:1rem;letter-spacing:0;background-color:var(--chakra-colors-transparent);color:#00817F;border:var(--chakra-borders-none);}.css-undwlk:focus-visible,.css-undwlk[data-focus-visible]{box-shadow:var(--chakra-shadows-outline);}.css-undwlk:disabled,.css-undwlk[disabled],.css-undwlk[aria-disabled=true],.css-undwlk[data-disabled]{opacity:1;cursor:not-allowed;box-shadow:var(--chakra-shadows-none);background-color:var(--chakra-colors-transparent);border-color:var(--chakra-colors-transparent);color:#cccccc;}.css-undwlk:hover,.css-undwlk[data-hover]{background-color:#f0f0f0;border-color:var(--chakra-colors-transparent);color:#006766;}.css-undwlk:hover:disabled,.css-undwlk[data-hover]:disabled,.css-undwlk:hover[disabled],.css-undwlk[data-hover][disabled],.css-undwlk:hover[aria-disabled=true],.css-undwlk[data-hover][aria-disabled=true],.css-undwlk:hover[data-disabled],.css-undwlk[data-hover][data-disabled]{background:initial;}.css-undwlk:focus,.css-undwlk[data-focus]{background-color:var(--chakra-colors-transparent);border-color:var(--chakra-colors-transparent);color:#00817F;}.css-undwlk:active,.css-undwlk[data-active]{background-color:#f0f0f0;border-color:var(--chakra-colors-transparent);color:#006766;}.css-undwlk[data-loading],.css-undwlk[aria-busy=true]{background-color:var(--chakra-colors-transparent);border-color:var(--chakra-colors-transparent);}</style><style data-emotion="css 1roiikw" data-s="">.css-1roiikw{width:1em;height:1em;display:inline-block;line-height:1em;-webkit-flex-shrink:0;-ms-flex-negative:0;flex-shrink:0;color:#00817F;margin-right:0.25rem;}</style><style data-emotion="css 17xejub" data-s="">.css-17xejub{-webkit-flex:1;-ms-flex:1;flex:1;justify-self:stretch;-webkit-align-self:stretch;-ms-flex-item-align:stretch;align-self:stretch;}</style><style data-emotion="css 2wihsd" data-s="">.css-2wihsd{gap:0.5rem;display:-webkit-box;display:-webkit-flex;display:-ms-flexbox;display:flex;-webkit-align-items:center;-webkit-box-align:center;-ms-flex-align:center;align-items:center;-webkit-flex-direction:row;-ms-flex-direction:row;flex-direction:row;}</style><style data-emotion="css z8ut2j" data-s="">.css-z8ut2j{color:#333333;font-family:Inter;font-weight:300;line-height:120%;font-size:1rem;letter-spacing:0;}</style><style data-emotion="css 1h35w7d" data-s="">.css-1h35w7d{height:2rem;width:11.25rem;-webkit-padding-start:0.5rem;padding-inline-start:0.5rem;-webkit-padding-end:0.5rem;padding-inline-end:0.5rem;padding-top:0.25rem;padding-bottom:0.25rem;gap:none;border-radius:4px;border:1px solid #cccccc;background-color:#ffffff;}.css-1h35w7d:hover{border:1px solid #666b73;}.css-1h35w7d>span{display:-webkit-box;display:-webkit-flex;display:-ms-flexbox;display:flex;-webkit-flex-direction:row;-ms-flex-direction:row;flex-direction:row;-webkit-align-items:center;-webkit-box-align:center;-ms-flex-align:center;align-items:center;-webkit-box-pack:justify;-webkit-justify-content:space-between;justify-content:space-between;}</style><style data-emotion="css xl71ch" data-s="">.css-xl71ch{pointer-events:none;-webkit-flex:1 1 auto;-ms-flex:1 1 auto;flex:1 1 auto;min-width:0px;}</style><style data-emotion="css j4bif7" data-s="">.css-j4bif7{text-align:left;overflow:hidden;text-overflow:ellipsis;display:-webkit-box;-webkit-box-orient:vertical;-webkit-line-clamp:var(--chakra-line-clamp);--chakra-line-clamp:1;color:#00817F;font-family:Inter;font-weight:300;line-height:120%;font-size:1rem;letter-spacing:0;min-width:auto;}</style><style data-emotion="css mj81td" data-s="">.css-mj81td{width:1.25rem;height:1.25rem;display:inline-block;line-height:1em;-webkit-flex-shrink:0;-ms-flex-negative:0;flex-shrink:0;color:#333333;}</style><style data-emotion="css lnyvlk" data-s="">.css-lnyvlk{z-index:2;}</style><style data-emotion="css 1uu3y0z" data-s="">.css-1uu3y0z{outline:2px solid transparent;outline-offset:2px;--menu-bg:#fff;--menu-shadow:var(--chakra-shadows-sm);color:inherit;min-width:var(--chakra-sizes-3xs);padding-top:var(--chakra-space-2);padding-bottom:var(--chakra-space-2);z-index:1;border-radius:var(--chakra-radii-md);border-width:1px;background:var(--menu-bg);box-shadow:var(--menu-shadow);padding:0.5rem;list-style:none;overflow:auto;width:100%;}.chakra-ui-dark .css-1uu3y0z:not([data-theme]),[data-theme=dark] .css-1uu3y0z:not([data-theme]),.css-1uu3y0z[data-theme=dark]{--menu-bg:var(--chakra-colors-gray-700);--menu-shadow:var(--chakra-shadows-dark-lg);}</style><style data-emotion="css 1tzg9uf" data-s="">.css-1tzg9uf>div.chakra-container,.css-1tzg9uf>section div.chakra-container{padding:0;margin-left:0;margin-top:0;}.css-1tzg9uf>div[data-testid=product-grid-component]~div[data-testid="gam-ad-unit"],.css-1tzg9uf>div[data-testid=product-grid-component}]~div[data-testid="with-media-component"]{margin-top:1.5rem;}</style><style data-emotion="css 1tjthuk" data-s="">.css-1tjthuk{display:grid;grid-row-gap:0.5rem;grid-column-gap:2px;grid-template-columns:repeat(auto-fit, 10.625rem);width:100%;padding-left:1rem;padding-right:1rem;-webkit-box-pack:center;-ms-flex-pack:center;-webkit-justify-content:center;justify-content:center;margin-top:1.5rem;padding:0px;}@media screen and (min-width: 25.875em){.css-1tjthuk{grid-column-gap:0.5rem;-webkit-box-pack:justify;-webkit-justify-content:space-between;justify-content:space-between;}}@media screen and (min-width: 64em){.css-1tjthuk{-webkit-box-pack:start;-ms-flex-pack:start;-webkit-justify-content:flex-start;justify-content:flex-start;}}</style><style data-emotion="css yyn1h" data-s="">.css-yyn1h{width:10.125rem;border:0;}</style><style data-emotion="css yxqevf" data-s="">.css-yxqevf{position:relative;padding:0.5rem;min-height:18.1rem;cursor:pointer;}.css-yxqevf a[href]:not(.chakra-linkbox__overlay),.css-yxqevf abbr[title]{position:relative;z-index:1;}</style><style data-emotion="css metd69" data-s="">.css-metd69{display:-webkit-box;display:-webkit-flex;display:-ms-flexbox;display:flex;-webkit-flex-direction:column;-ms-flex-direction:column;flex-direction:column;-webkit-align-items:center;-webkit-box-align:center;-ms-flex-align:center;align-items:center;-webkit-align-content:center;-ms-flex-line-pack:center;align-content:center;padding-bottom:0.25rem;position:relative;width:9.625rem;}</style><style data-emotion="css 1llgc3i" data-s="">.css-1llgc3i{display:-webkit-box;display:-webkit-flex;display:-ms-flexbox;display:flex;-webkit-flex-direction:column;-ms-flex-direction:column;flex-direction:column;-webkit-align-items:center;-webkit-box-align:center;-ms-flex-align:center;align-items:center;-webkit-align-content:center;-ms-flex-line-pack:center;align-content:center;padding-bottom:0.25rem;position:relative;width:9.625rem;}</style><style data-emotion="css 14hmzsy" data-s="">.css-14hmzsy{width:6.875rem;height:6.875rem;object-fit:cover;}</style><style data-emotion="css 8t32m0" data-s="">.css-8t32m0{display:-webkit-box;display:-webkit-flex;display:-ms-flexbox;display:flex;-webkit-flex-direction:column;-ms-flex-direction:column;flex-direction:column;-webkit-align-items:flex-start;-webkit-box-align:flex-start;-ms-flex-align:flex-start;align-items:flex-start;-webkit-align-content:flex-start;-ms-flex-line-pack:flex-start;align-content:flex-start;row-gap:0.25rem;}</style><style data-emotion="css qoklea" data-s="">.css-qoklea{display:-webkit-box;display:-webkit-flex;display:-ms-flexbox;display:flex;-webkit-flex-direction:column;-ms-flex-direction:column;flex-direction:column;-webkit-align-items:flex-start;-webkit-box-align:flex-start;-ms-flex-align:flex-start;align-items:flex-start;-webkit-align-content:flex-start;-ms-flex-line-pack:flex-start;align-content:flex-start;row-gap:0.25rem;}</style><style data-emotion="css 12dchmx" data-s="">.css-12dchmx{min-height:1.125rem;}</style><style data-emotion="css 1xh83jm" data-s="">.css-1xh83jm{display:inline-block;white-space:nowrap;vertical-align:middle;-webkit-padding-start:0.5rem;padding-inline-start:0.5rem;-webkit-padding-end:0.5rem;padding-inline-end:0.5rem;text-transform:none;font-size:0.75rem;border-radius:8px;font-weight:300;--badge-bg:var(--chakra-colors-gray-100);--badge-color:var(--chakra-colors-gray-800);background:#FFEFD1;color:#333333;padding-top:0.125rem;padding-bottom:0.125rem;font-family:Inter;line-height:120%;letter-spacing:0;max-width:10.125rem;}.chakra-ui-dark .css-1xh83jm:not([data-theme]),[data-theme=dark] .css-1xh83jm:not([data-theme]),.css-1xh83jm[data-theme=dark]{--badge-bg:rgba(226, 232, 240, 0.16);--badge-color:var(--chakra-colors-gray-200);}</style><style data-emotion="css 1jkwq69" data-s="">.css-1jkwq69{display:-webkit-box;display:-webkit-flex;display:-ms-flexbox;display:flex;-webkit-flex-direction:row;-ms-flex-direction:row;flex-direction:row;-webkit-align-items:center;-webkit-box-align:center;-ms-flex-align:center;align-items:center;gap:0.25rem;}</style><style data-emotion="css s9i4ca" data-s="">.css-s9i4ca{font-family:Inter;font-weight:600;line-height:120%;font-size:0.875rem;letter-spacing:0;color:#333333;}</style><style data-emotion="css 1hnz6hu" data-s="">.css-1hnz6hu{position:static;}.css-1hnz6hu::before{content:'';cursor:inherit;display:block;position:absolute;top:0px;left:0px;z-index:0;width:100%;height:100%;}</style><style data-emotion="css 1w3cszp" data-s="">.css-1w3cszp{overflow:hidden;text-overflow:ellipsis;display:-webkit-box;-webkit-box-orient:vertical;-webkit-line-clamp:var(--chakra-line-clamp);--chakra-line-clamp:1;font-family:Inter;font-weight:300;line-height:120%;font-size:0.75rem;letter-spacing:0;}</style><style data-emotion="css 1wmnia2" data-s="">.css-1wmnia2{font-family:Inter;font-weight:600;font-size:0.875rem;line-height:120%;letter-spacing:0;overflow:hidden;text-overflow:ellipsis;display:-webkit-box;-webkit-box-orient:vertical;-webkit-line-clamp:var(--chakra-line-clamp);--chakra-line-clamp:3;word-break:break-word;}</style><style data-emotion="css 1qnxnui" data-s="">.css-1qnxnui{color:#666b73;overflow:hidden;text-overflow:ellipsis;display:-webkit-box;-webkit-box-orient:vertical;-webkit-line-clamp:var(--chakra-line-clamp);--chakra-line-clamp:1;font-family:Inter;font-weight:300;line-height:120%;font-size:0.75rem;letter-spacing:0;}</style><style data-emotion="css 157kvnk" data-s="">.css-157kvnk{display:-webkit-box;display:-webkit-flex;display:-ms-flexbox;display:flex;-webkit-flex-direction:column;-ms-flex-direction:column;flex-direction:column;-webkit-align-items:flex-start;-webkit-box-align:flex-start;-ms-flex-align:flex-start;align-items:flex-start;-webkit-align-content:flex-start;-ms-flex-line-pack:flex-start;align-content:flex-start;}</style><style data-emotion="css 8keand" data-s="">.css-8keand{display:-webkit-box;display:-webkit-flex;display:-ms-flexbox;display:flex;-webkit-flex-direction:column;-ms-flex-direction:column;flex-direction:column;-webkit-align-items:flex-start;-webkit-box-align:flex-start;-ms-flex-align:flex-start;align-items:flex-start;-webkit-align-content:flex-start;-ms-flex-line-pack:flex-start;align-content:flex-start;}</style><style data-emotion="css f0djkj" data-s="">.css-f0djkj{display:-webkit-box;display:-webkit-flex;display:-ms-flexbox;display:flex;-webkit-flex-direction:column;-ms-flex-direction:column;flex-direction:column;-webkit-align-items:flex-end;-webkit-box-align:flex-end;-ms-flex-align:flex-end;align-items:flex-end;-webkit-align-content:flex-end;-ms-flex-line-pack:flex-end;align-content:flex-end;position:absolute;top:0.5rem;right:0.5rem;row-gap:0.25rem;}</style><style data-emotion="css 1q5omjq" data-s="">.css-1q5omjq{display:-webkit-box;display:-webkit-flex;display:-ms-flexbox;display:flex;-webkit-flex-direction:column;-ms-flex-direction:column;flex-direction:column;-webkit-align-items:flex-end;-webkit-box-align:flex-end;-ms-flex-align:flex-end;align-items:flex-end;-webkit-align-content:flex-end;-ms-flex-line-pack:flex-end;align-content:flex-end;position:absolute;top:0.5rem;right:0.5rem;row-gap:0.25rem;}</style><style data-emotion="css 1j3tjfb" data-s="">.css-1j3tjfb{height:2.5rem;}</style><style data-emotion="css 195uh0d" data-s="">.css-195uh0d{position:absolute;right:0px;height:2.5rem;overflow:visible;display:-webkit-box;display:-webkit-flex;display:-ms-flexbox;display:flex;-webkit-box-pack:right;-ms-flex-pack:right;-webkit-justify-content:right;justify-content:right;}.css-195uh0d transition{duration:0.4px;ease:easeOut;}</style><style data-emotion="css pwbt36" data-s="">.css-pwbt36{display:-webkit-inline-box;display:-webkit-inline-flex;display:-ms-inline-flexbox;display:inline-flex;-webkit-appearance:none;-moz-appearance:none;-ms-appearance:none;appearance:none;-webkit-align-items:center;-webkit-box-align:center;-ms-flex-align:center;align-items:center;-webkit-box-pack:center;-ms-flex-pack:center;-webkit-justify-content:center;justify-content:center;-webkit-user-select:none;-moz-user-select:none;-ms-user-select:none;user-select:none;position:absolute;white-space:nowrap;vertical-align:middle;outline:2px solid transparent;outline-offset:2px;line-height:120%;border-radius:20px;font-weight:300;transition-property:var(--chakra-transition-property-common);transition-duration:var(--chakra-transition-duration-normal);padding:0.25rem 0.5rem;border-width:1px;border-color:#00817F;min-height:2rem;font-family:Inter;font-size:1rem;letter-spacing:0;background-color:#00817F;color:#ffffff;right:0px;-webkit-padding-start:0.5rem;padding-inline-start:0.5rem;-webkit-padding-end:0.5rem;padding-inline-end:0.5rem;padding-top:0.5rem;padding-bottom:0.5rem;height:2.5rem;width:2.5rem;}.css-pwbt36:focus-visible,.css-pwbt36[data-focus-visible]{box-shadow:0px 0px 0px 3px rgba(0,0,0,0.7);outline:2px solid transparent;outline-offset:4px;}.css-pwbt36:disabled,.css-pwbt36[disabled],.css-pwbt36[aria-disabled=true],.css-pwbt36[data-disabled]{opacity:1;cursor:not-allowed;box-shadow:var(--chakra-shadows-none);background-color:#f0f0f0;border-color:#cccccc;color:#cccccc;}.css-pwbt36:hover,.css-pwbt36[data-hover]{background-color:#006766;}.css-pwbt36:focus,.css-pwbt36[data-focus]{background-color:#00817F;border-color:#00817F;color:#ffffff;}.css-pwbt36:active,.css-pwbt36[data-active]{background-color:#006766;border-color:#006766;color:#f0f0f0;}.css-pwbt36[data-loading],.css-pwbt36[aria-busy=true]{background-color:#00817F;border-color:#00817F;}</style><style data-emotion="css 1ibud8c" data-s="">.css-1ibud8c{width:1.5rem;height:1.5rem;display:inline-block;line-height:1em;-webkit-flex-shrink:0;-ms-flex-negative:0;flex-shrink:0;color:currentColor;fill:#ffffff;}.css-1ibud8c:hover,.css-1ibud8c[data-hover]{fill:#ffffff;}</style><style data-emotion="css 3cpk8a" data-s="">.css-3cpk8a{display:inline-block;white-space:nowrap;vertical-align:middle;-webkit-padding-start:0.5rem;padding-inline-start:0.5rem;-webkit-padding-end:0.5rem;padding-inline-end:0.5rem;text-transform:none;font-size:0.75rem;border-radius:8px;font-weight:300;--badge-bg:var(--chakra-colors-gray-100);--badge-color:var(--chakra-colors-gray-800);background:#F5F5F5;color:#e00000;padding-top:0.125rem;padding-bottom:0.125rem;font-family:Inter;line-height:120%;letter-spacing:0;max-width:10.125rem;}.chakra-ui-dark .css-3cpk8a:not([data-theme]),[data-theme=dark] .css-3cpk8a:not([data-theme]),.css-3cpk8a[data-theme=dark]{--badge-bg:rgba(226, 232, 240, 0.16);--badge-color:var(--chakra-colors-gray-200);}</style><style data-emotion="css 1dhlxa5" data-s="">.css-1dhlxa5{display:-webkit-box;display:-webkit-flex;display:-ms-flexbox;display:flex;gap:0.25rem;}.css-1dhlxa5 svg{color:#e00000;height:0.875rem;width:0.875rem;}</style><style data-emotion="css 1byyo0w" data-s="">.css-1byyo0w{width:0.875rem;height:0.875rem;max-width:initial;}</style><style data-emotion="css 1u2vzcm" data-s="">.css-1u2vzcm{font-family:Inter;font-weight:600;line-height:120%;font-size:0.875rem;letter-spacing:0;color:#e1251b;padding-right:0.25rem;}</style><style data-emotion="css laxlzt" data-s="">.css-laxlzt{font-family:Inter;font-weight:300;line-height:120%;font-size:0.875rem;letter-spacing:0;color:#666b73;-webkit-text-decoration:line-through;text-decoration:line-through;}</style><style data-emotion="css 1wb7jtr" data-s="">.css-1wb7jtr{font-family:Inter;font-weight:300;line-height:120%;font-size:0.75rem;letter-spacing:0;color:#e1251b;}</style><style data-emotion="css 1143hxx" data-s="">.css-1143hxx{display:inline-block;white-space:nowrap;vertical-align:middle;-webkit-padding-start:0.5rem;padding-inline-start:0.5rem;-webkit-padding-end:0.5rem;padding-inline-end:0.5rem;text-transform:none;font-size:0.75rem;border-radius:8px;font-weight:300;--badge-bg:var(--chakra-colors-gray-100);--badge-color:var(--chakra-colors-gray-800);background:#F9FFD1;color:#333333;padding-top:0.125rem;padding-bottom:0.125rem;font-family:Inter;line-height:120%;letter-spacing:0;max-width:10.125rem;}.chakra-ui-dark .css-1143hxx:not([data-theme]),[data-theme=dark] .css-1143hxx:not([data-theme]),.css-1143hxx[data-theme=dark]{--badge-bg:rgba(226, 232, 240, 0.16);--badge-color:var(--chakra-colors-gray-200);}</style><style data-emotion="css pylrph" data-s="">.css-pylrph{font-family:Inter;font-weight:600;line-height:120%;font-size:0.75rem;letter-spacing:0;color:#333333;padding-right:0.25rem;}</style><style data-emotion="css 17dnrjv" data-s="">.css-17dnrjv{font-family:Inter;font-weight:300;line-height:120%;font-size:0.75rem;letter-spacing:0;color:#666b73;-webkit-text-decoration:line-through;text-decoration:line-through;}</style><style data-emotion="css hg6htt" data-s="">.css-hg6htt{display:-webkit-inline-box;display:-webkit-inline-flex;display:-ms-inline-flexbox;display:inline-flex;-webkit-appearance:none;-moz-appearance:none;-ms-appearance:none;appearance:none;-webkit-align-items:center;-webkit-box-align:center;-ms-flex-align:center;align-items:center;-webkit-box-pack:start;-ms-flex-pack:start;-webkit-justify-content:flex-start;justify-content:flex-start;-webkit-user-select:none;-moz-user-select:none;-ms-user-select:none;user-select:none;position:relative;white-space:nowrap;vertical-align:middle;outline:2px solid transparent;outline-offset:2px;line-height:120%;border-radius:4px;font-weight:300;transition-property:var(--chakra-transition-property-common);transition-duration:var(--chakra-transition-duration-normal);padding:0px;border-width:1px;border-color:var(--chakra-colors-transparent);min-height:0px;font-family:Inter;font-size:0.75rem;letter-spacing:0;background-color:var(--chakra-colors-transparent);color:#e1251b;-webkit-text-decoration:underline;text-decoration:underline;border:0;}.css-hg6htt:focus-visible,.css-hg6htt[data-focus-visible]{box-shadow:var(--chakra-shadows-outline);}.css-hg6htt:disabled,.css-hg6htt[disabled],.css-hg6htt[aria-disabled=true],.css-hg6htt[data-disabled]{opacity:0.4;cursor:not-allowed;box-shadow:var(--chakra-shadows-none);}.css-hg6htt:hover,.css-hg6htt[data-hover]{background-color:var(--chakra-colors-transparent);}.css-hg6htt:hover:disabled,.css-hg6htt[data-hover]:disabled,.css-hg6htt:hover[disabled],.css-hg6htt[data-hover][disabled],.css-hg6htt:hover[aria-disabled=true],.css-hg6htt[data-hover][aria-disabled=true],.css-hg6htt:hover[data-disabled],.css-hg6htt[data-hover][data-disabled]{background:initial;}.css-hg6htt:focus,.css-hg6htt[data-focus]{background-color:var(--chakra-colors-transparent);}.css-hg6htt:active,.css-hg6htt[data-active]{background-color:var(--chakra-colors-transparent);}.css-hg6htt[data-loading]:disabled,.css-hg6htt[aria-busy=true]:disabled,.css-hg6htt[data-loading][disabled],.css-hg6htt[aria-busy=true][disabled],.css-hg6htt[data-loading][aria-disabled=true],.css-hg6htt[aria-busy=true][aria-disabled=true],.css-hg6htt[data-loading][data-disabled],.css-hg6htt[aria-busy=true][data-disabled]{background-color:var(--chakra-colors-transparent);opacity:1;}.css-hg6htt .chakra-button__icon{margin-left:0px;border:0;}</style><style data-emotion="css 1hzyiq5" data-s="">.css-1hzyiq5{display:-webkit-inline-box;display:-webkit-inline-flex;display:-ms-inline-flexbox;display:inline-flex;-webkit-align-self:center;-ms-flex-item-align:center;align-self:center;-webkit-flex-shrink:0;-ms-flex-negative:0;flex-shrink:0;-webkit-margin-start:0.5rem;margin-inline-start:0.5rem;}</style><style data-emotion="css 1gg1pr0" data-s="">.css-1gg1pr0{width:10.125rem;border:2px solid #FFEFD1;}</style><style data-emotion="css 1rmix6u" data-s="">.css-1rmix6u{height:2rem;background:#FFEFD1;text-align:center;-webkit-padding-start:0.5rem;padding-inline-start:0.5rem;-webkit-padding-end:0.5rem;padding-inline-end:0.5rem;display:-webkit-box;display:-webkit-flex;display:-ms-flexbox;display:flex;-webkit-align-items:center;-webkit-box-align:center;-ms-flex-align:center;align-items:center;-webkit-box-pack:center;-ms-flex-pack:center;-webkit-justify-content:center;justify-content:center;}</style><style data-emotion="css 1qrama" data-s="">.css-1qrama{height:2rem;background:#FFEFD1;text-align:center;-webkit-padding-start:0.5rem;padding-inline-start:0.5rem;-webkit-padding-end:0.5rem;padding-inline-end:0.5rem;display:-webkit-box;display:-webkit-flex;display:-ms-flexbox;display:flex;-webkit-align-items:center;-webkit-box-align:center;-ms-flex-align:center;align-items:center;-webkit-box-pack:center;-ms-flex-pack:center;-webkit-justify-content:center;justify-content:center;}</style><style data-emotion="css m8vflk" data-s="">.css-m8vflk{color:#333333;font-family:Inter;font-weight:300;line-height:120%;font-size:0.75rem;letter-spacing:0;}</style><style data-emotion="css a0r8yg animation-14pkoxc" data-s="">.css-a0r8yg{--skeleton-start-color:var(--chakra-colors-gray-100);--skeleton-end-color:var(--chakra-colors-gray-400);background:var(--skeleton-start-color);border-color:var(--skeleton-end-color);opacity:0.7;border-radius:var(--chakra-radii-sm);-webkit-animation:0.8s linear infinite alternate animation-14pkoxc;animation:0.8s linear infinite alternate animation-14pkoxc;box-shadow:var(--chakra-shadows-none);-webkit-background-clip:padding-box;background-clip:padding-box;cursor:default;color:var(--chakra-colors-transparent);pointer-events:none;-webkit-user-select:none;-moz-user-select:none;-ms-user-select:none;user-select:none;width:calc(3.125rem * (4 / 3));height:3.125rem;margin-bottom:1rem;}.css-a0r8yg::before,.css-a0r8yg::after,.css-a0r8yg *{visibility:hidden;}@-webkit-keyframes animation-14pkoxc{from{border-color:var(--skeleton-start-color);background:var(--skeleton-start-color);}to{border-color:var(--skeleton-end-color);background:var(--skeleton-end-color);}}@keyframes animation-14pkoxc{from{border-color:var(--skeleton-start-color);background:var(--skeleton-start-color);}to{border-color:var(--skeleton-end-color);background:var(--skeleton-end-color);}}</style><style data-emotion="css 882d2r" data-s="">.css-882d2r{display:-webkit-box;display:-webkit-flex;display:-ms-flexbox;display:flex;-webkit-flex-direction:column;-ms-flex-direction:column;flex-direction:column;}@media screen and (min-width: 40.625em){.css-882d2r{-webkit-flex-direction:row;-ms-flex-direction:row;flex-direction:row;}}@media screen and (min-width: 56.25em){.css-882d2r{-webkit-column-gap:1rem;column-gap:1rem;}}</style><style data-emotion="css 10gmghh animation-14pkoxc" data-s="">.css-10gmghh{--skeleton-start-color:var(--chakra-colors-gray-100);--skeleton-end-color:var(--chakra-colors-gray-400);background:var(--skeleton-start-color);border-color:var(--skeleton-end-color);opacity:0.7;border-radius:var(--chakra-radii-sm);-webkit-animation:0.8s linear infinite alternate animation-14pkoxc;animation:0.8s linear infinite alternate animation-14pkoxc;box-shadow:var(--chakra-shadows-none);-webkit-background-clip:padding-box;background-clip:padding-box;cursor:default;color:var(--chakra-colors-transparent);pointer-events:none;-webkit-user-select:none;-moz-user-select:none;-ms-user-select:none;user-select:none;width:37.5rem;height:calc(37.5rem * (3 / 4));-webkit-flex-shrink:1;-ms-flex-negative:1;flex-shrink:1;}.css-10gmghh::before,.css-10gmghh::after,.css-10gmghh *{visibility:hidden;}@-webkit-keyframes animation-14pkoxc{from{border-color:var(--skeleton-start-color);background:var(--skeleton-start-color);}to{border-color:var(--skeleton-end-color);background:var(--skeleton-end-color);}}@keyframes animation-14pkoxc{from{border-color:var(--skeleton-start-color);background:var(--skeleton-start-color);}to{border-color:var(--skeleton-end-color);background:var(--skeleton-end-color);}}</style><style data-emotion="css 1icm7ht" data-s="">.css-1icm7ht{display:grid;grid-row-gap:0.5rem;grid-column-gap:2px;grid-template-columns:repeat(3, 1fr);width:100%;padding-left:1rem;padding-right:1rem;-webkit-box-pack:center;-ms-flex-pack:center;-webkit-justify-content:center;justify-content:center;margin-top:1.5rem;-webkit-box-flex:1;-webkit-flex-grow:1;-ms-flex-positive:1;flex-grow:1;padding:0px;}@media screen and (min-width: 25.875em){.css-1icm7ht{grid-column-gap:0.5rem;-webkit-box-pack:justify;-webkit-justify-content:space-between;justify-content:space-between;}}@media screen and (min-width: 40.625em){.css-1icm7ht{justify-items:center;}}</style><style data-emotion="css 1vcp4d3" data-s="">.css-1vcp4d3{max-width:10.625rem;min-height:18.1rem;padding:0.5rem;display:-webkit-box;display:-webkit-flex;display:-ms-flexbox;display:flex;position:relative;-webkit-flex-direction:column;-ms-flex-direction:column;flex-direction:column;-webkit-align-items:center;-webkit-box-align:center;-ms-flex-align:center;align-items:center;padding-top:1rem;}</style><style data-emotion="css 2eqptn" data-s="">.css-2eqptn{padding-bottom:1rem;background:center;}</style><style data-emotion="css 51imly animation-14pkoxc" data-s="">.css-51imly{--skeleton-start-color:var(--chakra-colors-gray-100);--skeleton-end-color:var(--chakra-colors-gray-400);background:var(--skeleton-start-color);border-color:var(--skeleton-end-color);opacity:0.7;border-radius:var(--chakra-radii-full);-webkit-animation:0.8s linear infinite alternate animation-14pkoxc;animation:0.8s linear infinite alternate animation-14pkoxc;box-shadow:var(--chakra-shadows-none);-webkit-background-clip:padding-box;background-clip:padding-box;cursor:default;color:var(--chakra-colors-transparent);pointer-events:none;-webkit-user-select:none;-moz-user-select:none;-ms-user-select:none;user-select:none;width:5rem;height:5rem;}.css-51imly::before,.css-51imly::after,.css-51imly *{visibility:hidden;}@-webkit-keyframes animation-14pkoxc{from{border-color:var(--skeleton-start-color);background:var(--skeleton-start-color);}to{border-color:var(--skeleton-end-color);background:var(--skeleton-end-color);}}@keyframes animation-14pkoxc{from{border-color:var(--skeleton-start-color);background:var(--skeleton-start-color);}to{border-color:var(--skeleton-end-color);background:var(--skeleton-end-color);}}</style><style data-emotion="css 1irc21z animation-14pkoxc" data-s="">.css-1irc21z{--skeleton-start-color:var(--chakra-colors-gray-100);--skeleton-end-color:var(--chakra-colors-gray-400);background:var(--skeleton-start-color);border-color:var(--skeleton-end-color);opacity:0.7;border-radius:var(--chakra-radii-full);-webkit-animation:0.8s linear infinite alternate animation-14pkoxc;animation:0.8s linear infinite alternate animation-14pkoxc;box-shadow:var(--chakra-shadows-none);-webkit-background-clip:padding-box;background-clip:padding-box;cursor:default;color:var(--chakra-colors-transparent);pointer-events:none;-webkit-user-select:none;-moz-user-select:none;-ms-user-select:none;user-select:none;width:2rem;height:2rem;position:absolute;right:0.5rem;top:1rem;}.css-1irc21z::before,.css-1irc21z::after,.css-1irc21z *{visibility:hidden;}@-webkit-keyframes animation-14pkoxc{from{border-color:var(--skeleton-start-color);background:var(--skeleton-start-color);}to{border-color:var(--skeleton-end-color);background:var(--skeleton-end-color);}}@keyframes animation-14pkoxc{from{border-color:var(--skeleton-start-color);background:var(--skeleton-start-color);}to{border-color:var(--skeleton-end-color);background:var(--skeleton-end-color);}}</style><style data-emotion="css hy6ruy animation-14pkoxc" data-s="">.css-hy6ruy{--skeleton-start-color:var(--chakra-colors-gray-100);--skeleton-end-color:var(--chakra-colors-gray-400);background:var(--skeleton-start-color);border-color:var(--skeleton-end-color);opacity:0.7;border-radius:var(--chakra-radii-sm);-webkit-animation:0.8s linear infinite alternate animation-14pkoxc;animation:0.8s linear infinite alternate animation-14pkoxc;box-shadow:var(--chakra-shadows-none);-webkit-background-clip:padding-box;background-clip:padding-box;cursor:default;color:var(--chakra-colors-transparent);pointer-events:none;-webkit-user-select:none;-moz-user-select:none;-ms-user-select:none;user-select:none;width:4rem;height:1rem;}.css-hy6ruy::before,.css-hy6ruy::after,.css-hy6ruy *{visibility:hidden;}@-webkit-keyframes animation-14pkoxc{from{border-color:var(--skeleton-start-color);background:var(--skeleton-start-color);}to{border-color:var(--skeleton-end-color);background:var(--skeleton-end-color);}}@keyframes animation-14pkoxc{from{border-color:var(--skeleton-start-color);background:var(--skeleton-start-color);}to{border-color:var(--skeleton-end-color);background:var(--skeleton-end-color);}}</style><style data-emotion="css 174l7a9 animation-14pkoxc" data-s="">.css-174l7a9{--skeleton-start-color:var(--chakra-colors-gray-100);--skeleton-end-color:var(--chakra-colors-gray-400);background:var(--skeleton-start-color);border-color:var(--skeleton-end-color);opacity:0.7;border-radius:var(--chakra-radii-sm);-webkit-animation:0.8s linear infinite alternate animation-14pkoxc;animation:0.8s linear infinite alternate animation-14pkoxc;box-shadow:var(--chakra-shadows-none);-webkit-background-clip:padding-box;background-clip:padding-box;cursor:default;color:var(--chakra-colors-transparent);pointer-events:none;-webkit-user-select:none;-moz-user-select:none;-ms-user-select:none;user-select:none;width:8rem;height:1rem;}.css-174l7a9::before,.css-174l7a9::after,.css-174l7a9 *{visibility:hidden;}@-webkit-keyframes animation-14pkoxc{from{border-color:var(--skeleton-start-color);background:var(--skeleton-start-color);}to{border-color:var(--skeleton-end-color);background:var(--skeleton-end-color);}}@keyframes animation-14pkoxc{from{border-color:var(--skeleton-start-color);background:var(--skeleton-start-color);}to{border-color:var(--skeleton-end-color);background:var(--skeleton-end-color);}}</style><style data-emotion="css 13z5f5b animation-14pkoxc" data-s="">.css-13z5f5b{--skeleton-start-color:var(--chakra-colors-gray-100);--skeleton-end-color:var(--chakra-colors-gray-400);background:var(--skeleton-start-color);border-color:var(--skeleton-end-color);opacity:0.7;border-radius:var(--chakra-radii-sm);-webkit-animation:0.8s linear infinite alternate animation-14pkoxc;animation:0.8s linear infinite alternate animation-14pkoxc;box-shadow:var(--chakra-shadows-none);-webkit-background-clip:padding-box;background-clip:padding-box;cursor:default;color:var(--chakra-colors-transparent);pointer-events:none;-webkit-user-select:none;-moz-user-select:none;-ms-user-select:none;user-select:none;width:6rem;height:1rem;margin-bottom:1rem;}.css-13z5f5b::before,.css-13z5f5b::after,.css-13z5f5b *{visibility:hidden;}@-webkit-keyframes animation-14pkoxc{from{border-color:var(--skeleton-start-color);background:var(--skeleton-start-color);}to{border-color:var(--skeleton-end-color);background:var(--skeleton-end-color);}}@keyframes animation-14pkoxc{from{border-color:var(--skeleton-start-color);background:var(--skeleton-start-color);}to{border-color:var(--skeleton-end-color);background:var(--skeleton-end-color);}}</style><style data-emotion="css qyla5x" data-s="">.css-qyla5x{display:-webkit-inline-box;display:-webkit-inline-flex;display:-ms-inline-flexbox;display:inline-flex;-webkit-appearance:none;-moz-appearance:none;-ms-appearance:none;appearance:none;-webkit-align-items:center;-webkit-box-align:center;-ms-flex-align:center;align-items:center;-webkit-box-pack:center;-ms-flex-pack:center;-webkit-justify-content:center;justify-content:center;-webkit-user-select:none;-moz-user-select:none;-ms-user-select:none;user-select:none;position:absolute;white-space:nowrap;vertical-align:middle;outline:2px solid transparent;outline-offset:2px;line-height:120%;border-radius:20px;font-weight:300;transition-property:var(--chakra-transition-property-common);transition-duration:var(--chakra-transition-duration-normal);padding:0.25rem 0.5rem;border-width:1px;border-color:#00817F;min-height:2rem;font-family:Inter;font-size:1rem;letter-spacing:0;background-color:#f0f0f0;color:#ffffff;right:0px;-webkit-padding-start:0.5rem;padding-inline-start:0.5rem;-webkit-padding-end:0.5rem;padding-inline-end:0.5rem;padding-top:0.5rem;padding-bottom:0.5rem;height:2.5rem;width:2.5rem;}.css-qyla5x:focus-visible,.css-qyla5x[data-focus-visible]{box-shadow:0px 0px 0px 3px rgba(0,0,0,0.7);outline:2px solid transparent;outline-offset:4px;}.css-qyla5x:disabled,.css-qyla5x[disabled],.css-qyla5x[aria-disabled=true],.css-qyla5x[data-disabled]{opacity:1;cursor:not-allowed;box-shadow:var(--chakra-shadows-none);background-color:#f0f0f0;border-color:#cccccc;color:#cccccc;}.css-qyla5x:hover,.css-qyla5x[data-hover]{background-color:#006766;}.css-qyla5x:focus,.css-qyla5x[data-focus]{background-color:#00817F;border-color:#00817F;color:#ffffff;}.css-qyla5x:active,.css-qyla5x[data-active]{background-color:#006766;border-color:#006766;color:#f0f0f0;}.css-qyla5x[data-loading],.css-qyla5x[aria-busy=true]{background-color:#00817F;border-color:#00817F;}</style><style data-emotion="css 1etxmt6" data-s="">.css-1etxmt6{width:1.5rem;height:1.5rem;display:inline-block;line-height:1em;-webkit-flex-shrink:0;-ms-flex-negative:0;flex-shrink:0;color:currentColor;fill:#cccccc;}.css-1etxmt6:hover,.css-1etxmt6[data-hover]{fill:#ffffff;}</style><style data-emotion="css 1wazsvo" data-s="">.css-1wazsvo{background-color:#f0f0f0;border-radius:4px;padding:0.125rem;max-width:3.625rem;text-align:center;min-height:2rem;display:-webkit-box;display:-webkit-flex;display:-ms-flexbox;display:flex;-webkit-align-items:center;-webkit-box-align:center;-ms-flex-align:center;align-items:center;opacity:0.75;}</style><style data-emotion="css 1ei4sqy" data-s="">.css-1ei4sqy{display:-webkit-box;display:-webkit-flex;display:-ms-flexbox;display:flex;-webkit-align-items:center;-webkit-box-align:center;-ms-flex-align:center;align-items:center;-webkit-flex-direction:column;-ms-flex-direction:column;flex-direction:column;-webkit-margin-start:auto;margin-inline-start:auto;-webkit-margin-end:auto;margin-inline-end:auto;margin-bottom:var(--chakra-space-10);}.css-1ei4sqy>*:not(style)~*:not(style){margin-top:0.5rem;-webkit-margin-end:0px;margin-inline-end:0px;margin-bottom:0px;-webkit-margin-start:0px;margin-inline-start:0px;}</style><style data-emotion="css 12c5bzw" data-s="">.css-12c5bzw{display:-webkit-box;display:-webkit-flex;display:-ms-flexbox;display:flex;-webkit-flex-direction:row;-ms-flex-direction:row;flex-direction:row;-webkit-align-items:center;-webkit-box-align:center;-ms-flex-align:center;align-items:center;margin:0px;padding:0px;gap:0px;}@media screen and (min-width: 64em){.css-12c5bzw{gap:0.5rem;}}</style><style data-emotion="css cw0olr" data-s="">.css-cw0olr{display:-webkit-box;display:-webkit-flex;display:-ms-flexbox;display:flex;-webkit-flex-direction:row;-ms-flex-direction:row;flex-direction:row;-webkit-align-items:center;-webkit-box-align:center;-ms-flex-align:center;align-items:center;-webkit-box-pack:center;-ms-flex-pack:center;-webkit-justify-content:center;justify-content:center;border-radius:4px;padding:0.25rem;height:2.25rem;width:2.25rem;border-width:0;border-color:#cccccc;border-style:solid;font-family:Inter;font-weight:300;line-height:120%;font-size:1rem;letter-spacing:0;}.css-cw0olr:hover,.css-cw0olr[data-hover]{background-color:#f0f0f0;}.css-cw0olr:active,.css-cw0olr[data-active]{background-color:#00817F;color:#ffffff;}.css-cw0olr:disabled,.css-cw0olr[disabled],.css-cw0olr[aria-disabled=true],.css-cw0olr[data-disabled]{background-color:var(--chakra-colors-transparent);color:#f0f0f0;cursor:default;}</style><style data-emotion="css 1ckaciw" data-s="">.css-1ckaciw{transition-property:var(--chakra-transition-property-common);transition-duration:var(--chakra-transition-duration-fast);transition-timing-function:var(--chakra-transition-easing-ease-out);cursor:pointer;-webkit-text-decoration:none;text-decoration:none;outline:2px solid transparent;outline-offset:2px;color:inherit;display:-webkit-box;display:-webkit-flex;display:-ms-flexbox;display:flex;-webkit-flex-direction:row;-ms-flex-direction:row;flex-direction:row;-webkit-align-items:center;-webkit-box-align:center;-ms-flex-align:center;align-items:center;-webkit-box-pack:center;-ms-flex-pack:center;-webkit-justify-content:center;justify-content:center;border-radius:4px;padding:0.25rem;height:2.25rem;width:2.25rem;border-width:0;border-color:#cccccc;border-style:solid;font-family:Inter;font-weight:300;line-height:120%;font-size:1rem;letter-spacing:0;}.css-1ckaciw:hover,.css-1ckaciw[data-hover]{-webkit-text-decoration:underline;text-decoration:underline;}.css-1ckaciw:focus-visible,.css-1ckaciw[data-focus-visible]{box-shadow:var(--chakra-shadows-outline);}.css-1ckaciw:hover,.css-1ckaciw[data-hover]{background-color:#f0f0f0;}.css-1ckaciw:active,.css-1ckaciw[data-active]{background-color:#00817F;color:#ffffff;}.css-1ckaciw:disabled,.css-1ckaciw[disabled],.css-1ckaciw[aria-disabled=true],.css-1ckaciw[data-disabled]{background-color:var(--chakra-colors-transparent);color:#f0f0f0;cursor:default;}</style><style data-emotion="css 13otjrl" data-s="">.css-13otjrl{width:1em;height:1em;display:inline-block;line-height:1em;-webkit-flex-shrink:0;-ms-flex-negative:0;flex-shrink:0;color:currentColor;}</style><style data-emotion="css 2ic817" data-s="">.css-2ic817{display:-webkit-box;display:-webkit-flex;display:-ms-flexbox;display:flex;-webkit-flex-direction:row;-ms-flex-direction:row;flex-direction:row;-webkit-align-items:center;-webkit-box-align:center;-ms-flex-align:center;align-items:center;-webkit-box-pack:center;-ms-flex-pack:center;-webkit-justify-content:center;justify-content:center;border-radius:4px;padding:0.25rem;height:2.25rem;width:2.25rem;border-width:0;border-color:#cccccc;border-style:solid;font-family:Inter;font-weight:300;line-height:120%;font-size:1rem;letter-spacing:0;color:#ffffff;background:#00817F;}.css-2ic817:active,.css-2ic817[data-active]{background-color:#00817F;color:#ffffff;}.css-2ic817:disabled,.css-2ic817[disabled],.css-2ic817[aria-disabled=true],.css-2ic817[data-disabled]{background-color:var(--chakra-colors-transparent);color:#f0f0f0;cursor:default;}</style><style data-emotion="css h0qkbs" data-s="">.css-h0qkbs{transition-property:var(--chakra-transition-property-common);transition-duration:var(--chakra-transition-duration-fast);transition-timing-function:var(--chakra-transition-easing-ease-out);cursor:pointer;-webkit-text-decoration:none;text-decoration:none;outline:2px solid transparent;outline-offset:2px;color:inherit;display:-webkit-box;display:-webkit-flex;display:-ms-flexbox;display:flex;-webkit-flex-direction:row;-ms-flex-direction:row;flex-direction:row;-webkit-align-items:center;-webkit-box-align:center;-ms-flex-align:center;align-items:center;-webkit-box-pack:center;-ms-flex-pack:center;-webkit-justify-content:center;justify-content:center;border-radius:4px;padding:0.25rem;height:2.25rem;width:2.25rem;border-width:0;border-color:#cccccc;border-style:solid;font-family:Inter;font-weight:300;line-height:120%;font-size:1rem;letter-spacing:0;color:#ffffff;background:#00817F;}.css-h0qkbs:hover,.css-h0qkbs[data-hover]{-webkit-text-decoration:underline;text-decoration:underline;}.css-h0qkbs:focus-visible,.css-h0qkbs[data-focus-visible]{box-shadow:var(--chakra-shadows-outline);}.css-h0qkbs:active,.css-h0qkbs[data-active]{background-color:#00817F;color:#ffffff;}.css-h0qkbs:disabled,.css-h0qkbs[disabled],.css-h0qkbs[aria-disabled=true],.css-h0qkbs[data-disabled]{background-color:var(--chakra-colors-transparent);color:#f0f0f0;cursor:default;}</style><style data-emotion="css a4zxqo" data-s="">.css-a4zxqo{display:-webkit-box;display:-webkit-flex;display:-ms-flexbox;display:flex;-webkit-flex-direction:row;-ms-flex-direction:row;flex-direction:row;-webkit-align-items:center;-webkit-box-align:center;-ms-flex-align:center;align-items:center;-webkit-box-pack:center;-ms-flex-pack:center;-webkit-justify-content:center;justify-content:center;border-radius:4px;padding:0.25rem;height:2.25rem;width:2.25rem;border-width:0;border-color:#cccccc;border-style:solid;font-family:Inter;font-weight:300;line-height:120%;font-size:1rem;letter-spacing:0;color:#333333;}.css-a4zxqo:hover,.css-a4zxqo[data-hover]{background-color:#f0f0f0;}.css-a4zxqo:active,.css-a4zxqo[data-active]{background-color:#00817F;color:#ffffff;}.css-a4zxqo:disabled,.css-a4zxqo[disabled],.css-a4zxqo[aria-disabled=true],.css-a4zxqo[data-disabled]{background-color:var(--chakra-colors-transparent);color:#f0f0f0;cursor:default;}</style><style data-emotion="css 173xw1a" data-s="">.css-173xw1a{transition-property:var(--chakra-transition-property-common);transition-duration:var(--chakra-transition-duration-fast);transition-timing-function:var(--chakra-transition-easing-ease-out);cursor:pointer;-webkit-text-decoration:none;text-decoration:none;outline:2px solid transparent;outline-offset:2px;color:inherit;display:-webkit-box;display:-webkit-flex;display:-ms-flexbox;display:flex;-webkit-flex-direction:row;-ms-flex-direction:row;flex-direction:row;-webkit-align-items:center;-webkit-box-align:center;-ms-flex-align:center;align-items:center;-webkit-box-pack:center;-ms-flex-pack:center;-webkit-justify-content:center;justify-content:center;border-radius:4px;padding:0.25rem;height:2.25rem;width:2.25rem;border-width:0;border-color:#cccccc;border-style:solid;font-family:Inter;font-weight:300;line-height:120%;font-size:1rem;letter-spacing:0;color:#333333;}.css-173xw1a:hover,.css-173xw1a[data-hover]{-webkit-text-decoration:underline;text-decoration:underline;}.css-173xw1a:focus-visible,.css-173xw1a[data-focus-visible]{box-shadow:var(--chakra-shadows-outline);}.css-173xw1a:hover,.css-173xw1a[data-hover]{background-color:#f0f0f0;}.css-173xw1a:active,.css-173xw1a[data-active]{background-color:#00817F;color:#ffffff;}.css-173xw1a:disabled,.css-173xw1a[disabled],.css-173xw1a[aria-disabled=true],.css-173xw1a[data-disabled]{background-color:var(--chakra-colors-transparent);color:#f0f0f0;cursor:default;}</style><style data-emotion="css 1twl888" data-s="">.css-1twl888{text-align:center;padding:0.25rem;height:2.25rem;width:2.25rem;font-family:Inter;font-weight:300;line-height:120%;font-size:1rem;letter-spacing:0;padding-bottom:var(--chakra-space-2);display:-webkit-box;display:-webkit-flex;display:-ms-flexbox;display:flex;-webkit-align-items:flex-end;-webkit-box-align:flex-end;-ms-flex-align:flex-end;align-items:flex-end;-webkit-box-pack:center;-ms-flex-pack:center;-webkit-justify-content:center;justify-content:center;}</style><style data-emotion="css 147ar3n" data-s="">.css-147ar3n{display:-webkit-box;display:-webkit-flex;display:-ms-flexbox;display:flex;-webkit-flex-direction:column;-ms-flex-direction:column;flex-direction:column;padding-bottom:0.75rem;gap:0.5rem;}</style><style data-emotion="css 8j62a8" data-s="">.css-8j62a8{font-family:Inter;font-weight:600;font-size:1.25rem;line-height:120%;text-align:left;color:#333333;letter-spacing:0;}@media screen and (min-width: 40.625em){.css-8j62a8{font-family:Inter;font-weight:600;font-size:1.375rem;line-height:120%;letter-spacing:0;}}@media screen and (min-width: 64em){.css-8j62a8{font-family:Inter;font-weight:600;font-size:1.5rem;line-height:120%;letter-spacing:0;}}</style><style data-emotion="css wsjae9" data-s="">.css-wsjae9{display:-webkit-box;display:-webkit-flex;display:-ms-flexbox;display:flex;-webkit-box-flex-wrap:wrap;-webkit-flex-wrap:wrap;-ms-flex-wrap:wrap;flex-wrap:wrap;padding-top:1rem;padding-bottom:1rem;gap:1rem;}</style><style data-emotion="css 1wys5l0" data-s="">.css-1wys5l0{transition-property:var(--chakra-transition-property-common);transition-duration:var(--chakra-transition-duration-fast);transition-timing-function:var(--chakra-transition-easing-ease-out);cursor:pointer;-webkit-text-decoration:underline;text-decoration:underline;outline:2px solid transparent;outline-offset:2px;color:#00817F;font-family:Inter;font-weight:300;line-height:120%;font-size:1rem;letter-spacing:0;}.css-1wys5l0:hover,.css-1wys5l0[data-hover]{-webkit-text-decoration:none;text-decoration:none;color:#006766;}.css-1wys5l0:focus-visible,.css-1wys5l0[data-focus-visible]{box-shadow:var(--chakra-shadows-outline);}</style><style data-emotion="css" data-s=""></style><style type="text/css">.indiana-scroll-container {
  overflow: auto; }
  .indiana-scroll-container--dragging {
    scroll-behavior: auto !important; }
    .indiana-scroll-container--dragging > * {
      pointer-events: none;
      cursor: -webkit-grab;
      cursor: grab; }
  .indiana-scroll-container--hide-scrollbars {
    overflow: hidden;
    overflow: -moz-scrollbars-none;
    -ms-overflow-style: none;
    scrollbar-width: none; }
    .indiana-scroll-container--hide-scrollbars::-webkit-scrollbar {
      display: none !important;
      height: 0 !important;
      width: 0 !important;
      background: transparent !important;
      -webkit-appearance: none !important; }
  .indiana-scroll-container--native-scroll {
    overflow: auto; }

.indiana-dragging {
  cursor: -webkit-grab;
  cursor: grab; }
</style><style type="text/css">.nuka-hidden {
  position: absolute;
  width: 1px;
  height: 1px;
  padding: 0;
  margin: -1px;
  overflow: hidden;
  clip: rect(0, 0, 0, 0);
  white-space: nowrap;
  border-width: 0;
}
.nuka-container {
  position: relative;
}
.nuka-slide-container {
  position: relative;
}
.nuka-overflow {
  overflow: scroll;
  -ms-overflow-style: none;
  scrollbar-width: none;
}
.nuka-overflow.scroll-smooth {
  scroll-behavior: smooth;
}
.nuka-overflow.scroll-auto {
  scroll-behavior: auto;
}
.nuka-overflow::-webkit-scrollbar {
  display: none;
}
.nuka-wrapper {
  display: flex;
}
.nuka-nav-button {
  position: absolute;
  top: calc(50% - 2rem);
  margin: 1rem;
  display: none;
  height: 2rem;
  width: 2rem;
  cursor: pointer;
  background-color: rgba(146, 148, 151, 0.5);
  color: white;
  border-radius: 9999px;
  font-size: 1rem;
  user-select: none;
}
.nuka-nav-button.nuka-nav-button-prev {
  left: 0;
  margin-right: 1rem;
}
.nuka-nav-button.nuka-nav-button-next {
  right: 0;
  margin-left: 1rem;
}
.nuka-nav-button:hover {
  background-color: rgba(146, 148, 151, 0.65);
}
.nuka-nav-button-enabled {
  display: block;
}
.nuka-container-auto-hide .nuka-nav-button {
  display: none;
}
.nuka-container-auto-hide:hover .nuka-nav-button-enabled {
  display: block;
}
.nuka-page-container {
  padding-top: 1rem;
  padding-bottom: 1rem;
  display: flex;
  gap: 0.5rem;
  justify-content: center;
  align-items: center;
}
.nuka-page-indicator {
  width: 0.75rem;
  height: 0.75rem;
  cursor: pointer;
  border-radius: 9999px;
  border-style: none;
  background-color: rgba(146, 148, 151, 0.65);
}
.nuka-page-indicator.nuka-page-indicator-active,
.nuka-page-indicator.nuka-page-indicator-active:hover {
  background-color: rgb(229 231 235 / 1);
}
.nuka-page-indicator:hover {
  background-color: rgb(229 231 235 / 1);
}
</style><style type="text/css">[data-vaul-drawer]{touch-action:none;will-change:transform;transition:transform .5s cubic-bezier(.32, .72, 0, 1);animation-duration:.5s;animation-timing-function:cubic-bezier(0.32,0.72,0,1)}[data-vaul-drawer][data-vaul-snap-points=false][data-vaul-drawer-direction=bottom][data-state=open]{animation-name:slideFromBottom}[data-vaul-drawer][data-vaul-snap-points=false][data-vaul-drawer-direction=bottom][data-state=closed]{animation-name:slideToBottom}[data-vaul-drawer][data-vaul-snap-points=false][data-vaul-drawer-direction=top][data-state=open]{animation-name:slideFromTop}[data-vaul-drawer][data-vaul-snap-points=false][data-vaul-drawer-direction=top][data-state=closed]{animation-name:slideToTop}[data-vaul-drawer][data-vaul-snap-points=false][data-vaul-drawer-direction=left][data-state=open]{animation-name:slideFromLeft}[data-vaul-drawer][data-vaul-snap-points=false][data-vaul-drawer-direction=left][data-state=closed]{animation-name:slideToLeft}[data-vaul-drawer][data-vaul-snap-points=false][data-vaul-drawer-direction=right][data-state=open]{animation-name:slideFromRight}[data-vaul-drawer][data-vaul-snap-points=false][data-vaul-drawer-direction=right][data-state=closed]{animation-name:slideToRight}[data-vaul-drawer][data-vaul-snap-points=true][data-vaul-drawer-direction=bottom]{transform:translate3d(0,100%,0)}[data-vaul-drawer][data-vaul-snap-points=true][data-vaul-drawer-direction=top]{transform:translate3d(0,-100%,0)}[data-vaul-drawer][data-vaul-snap-points=true][data-vaul-drawer-direction=left]{transform:translate3d(-100%,0,0)}[data-vaul-drawer][data-vaul-snap-points=true][data-vaul-drawer-direction=right]{transform:translate3d(100%,0,0)}[data-vaul-drawer][data-vaul-delayed-snap-points=true][data-vaul-drawer-direction=top]{transform:translate3d(0,var(--snap-point-height,0),0)}[data-vaul-drawer][data-vaul-delayed-snap-points=true][data-vaul-drawer-direction=bottom]{transform:translate3d(0,var(--snap-point-height,0),0)}[data-vaul-drawer][data-vaul-delayed-snap-points=true][data-vaul-drawer-direction=left]{transform:translate3d(var(--snap-point-height,0),0,0)}[data-vaul-drawer][data-vaul-delayed-snap-points=true][data-vaul-drawer-direction=right]{transform:translate3d(var(--snap-point-height,0),0,0)}[data-vaul-overlay][data-vaul-snap-points=false]{animation-duration:.5s;animation-timing-function:cubic-bezier(0.32,0.72,0,1)}[data-vaul-overlay][data-vaul-snap-points=false][data-state=open]{animation-name:fadeIn}[data-vaul-overlay][data-state=closed]{animation-name:fadeOut}[data-vaul-overlay][data-vaul-snap-points=true]{opacity:0;transition:opacity .5s cubic-bezier(.32, .72, 0, 1)}[data-vaul-overlay][data-vaul-snap-points=true]{opacity:1}[data-vaul-drawer]:not([data-vaul-custom-container=true])::after{content:'';position:absolute;background:inherit;background-color:inherit}[data-vaul-drawer][data-vaul-drawer-direction=top]::after{top:initial;bottom:100%;left:0;right:0;height:200%}[data-vaul-drawer][data-vaul-drawer-direction=bottom]::after{top:100%;bottom:initial;left:0;right:0;height:200%}[data-vaul-drawer][data-vaul-drawer-direction=left]::after{left:initial;right:100%;top:0;bottom:0;width:200%}[data-vaul-drawer][data-vaul-drawer-direction=right]::after{left:100%;right:initial;top:0;bottom:0;width:200%}[data-vaul-overlay][data-vaul-snap-points=true]:not([data-vaul-snap-points-overlay=true]):not(
[data-state=closed]
){opacity:0}[data-vaul-overlay][data-vaul-snap-points-overlay=true]{opacity:1}[data-vaul-handle]{display:block;position:relative;opacity:.7;background:#e2e2e4;margin-left:auto;margin-right:auto;height:5px;width:32px;border-radius:1rem;touch-action:pan-y}[data-vaul-handle]:active,[data-vaul-handle]:hover{opacity:1}[data-vaul-handle-hitarea]{position:absolute;left:50%;top:50%;transform:translate(-50%,-50%);width:max(100%,2.75rem);height:max(100%,2.75rem);touch-action:inherit}@media (hover:hover) and (pointer:fine){[data-vaul-drawer]{user-select:none}}@media (pointer:fine){[data-vaul-handle-hitarea]:{width:100%;height:100%}}@keyframes fadeIn{from{opacity:0}to{opacity:1}}@keyframes fadeOut{to{opacity:0}}@keyframes slideFromBottom{from{transform:translate3d(0,100%,0)}to{transform:translate3d(0,0,0)}}@keyframes slideToBottom{to{transform:translate3d(0,100%,0)}}@keyframes slideFromTop{from{transform:translate3d(0,-100%,0)}to{transform:translate3d(0,0,0)}}@keyframes slideToTop{to{transform:translate3d(0,-100%,0)}}@keyframes slideFromLeft{from{transform:translate3d(-100%,0,0)}to{transform:translate3d(0,0,0)}}@keyframes slideToLeft{to{transform:translate3d(-100%,0,0)}}@keyframes slideFromRight{from{transform:translate3d(100%,0,0)}to{transform:translate3d(0,0,0)}}@keyframes slideToRight{to{transform:translate3d(100%,0,0)}}</style><link rel="canonical" href="https://www.loblaws.ca/en/search?search-bar=eggs" data-react-helmet="true"><meta name="description" content="Browse Eggs products for sale at a store near you. Schedule Delivery or Pickups Online. Subject to Availability." data-react-helmet="true"><meta name="robots" content="index, follow" data-react-helmet="true"><script type="application/ld+json" data-react-helmet="true">{"@context":"https://schema.org/","@type":"WebPage","name":"Eggs - Products for Sale | Loblaws","url":"https://www.loblaws.ca/en/search?search-bar=eggs","description":"Browse Eggs products for sale at a store near you. Schedule Delivery or Pickups Online. Subject to Availability.","mainEntity":{"@context":"https://schema.org/","@type":"ProductCollection","offers":{"@type":"Offer","itemOffered":[{"@context":"https://schema.org/","@type":"Product","name":"Original | Source of Omega-3 and Zero Trans Fat per Serving","url":"https://www.loblaws.ca/en/en/original-source-of-omega-3-and-zero-trans-fat-per/p/20297818002_EA","image":"https://digital.loblaws.ca/PCX/20297818002_EA/en/1/20297818002_en_front_1200.png","sku":"20297818002_EA","description":"<p>Proudly made in Canada from domestic and imported ingredients, Becel Original has been a staple in Canadians' kitchens for over 40 years. Whether it's a freshly toasted bagel to start your day, eggs scrambled to perfection for a simple lunch, or a batch of delightfully soft and chewy cookies, treat your family to that iconic Becel taste you know and love. Ideal for cooking, baking or spreading, Becel Original can be used as a 1:1 swap for butter in your favourite sweet or savoury dish.<br><br>A healthy diet low in saturated and trans fats may reduce the risk of heart disease. Becel is low in saturated fat and has no trans fat. No artificial preservatives, flavours or colours. Made with plant-based oils.</p>","brand":"Becel","offers":{"@type":"Offer","price":9.49,"priceCurrency":"CAD","itemCondition":"https://schema.org/NewCondition","url":"https://www.loblaws.ca/en/en/original-source-of-omega-3-and-zero-trans-fat-per/p/20297818002_EA"}},{"@context":"https://schema.org/","@type":"Product","name":"Large Grade A Eggs","url":"https://www.loblaws.ca/en/en/large-grade-a-eggs/p/20812144001_EA","image":"https://digital.loblaws.ca/PCX/20812144001_EA/en/1/20812144001_en_front_1200.png","sku":"20812144001_EA","description":"Eggs range in size (extra-large, large, medium, etc.) and their shells are either white or brown, depending on the breed of the hen. Crack the thin, protective shell against the edge of a bowl (with one hand, if you want to impress your friends) and use the yolk and egg white inside for your favourite breakfast recipes and desserts.","brand":"No Name","offers":{"@type":"Offer","price":3.99,"priceCurrency":"CAD","itemCondition":"https://schema.org/NewCondition","url":"https://www.loblaws.ca/en/en/large-grade-a-eggs/p/20812144001_EA"}},{"@context":"https://schema.org/","@type":"Product","name":"Free-Range Large Brown Eggs, Club Pack (30 Count)","url":"https://www.loblaws.ca/en/en/free-range-large-brown-eggs-club-pack-30-count/p/21205224001_EA","image":"https://digital.loblaws.ca/PCX/21205224001_EA/en/1/21205224001_en_front_1200.png","sku":"21205224001_EA","description":"<p>✓ Did you know…all PC® eggs are consciously sourced from farms using 100% cage-free spaces.</p>","brand":"PC Organics","offers":{"@type":"Offer","price":17.25,"priceCurrency":"CAD","itemCondition":"https://schema.org/NewCondition","url":"https://www.loblaws.ca/en/en/free-range-large-brown-eggs-club-pack-30-count/p/21205224001_EA"}},{"@context":"https://schema.org/","@type":"Product","name":"Grade A Extra Large Eggs","url":"https://www.loblaws.ca/en/en/grade-a-extra-large-eggs/p/20812726001_EA","image":"https://digital.loblaws.ca/PCX/20812726001_EA/en/1/20812726001_enfr_front_1200.png","sku":"20812726001_EA","description":"Eggs range in size (extra-large, large, medium, etc.) and their shells are either white or brown, depending on the breed of the hen. Crack the thin, protective shell against the edge of a bowl (with one hand, if you want to impress your friends) and use the yolk and egg white inside for your favourite breakfast recipes and desserts.","brand":"No Name","offers":{"@type":"Offer","price":4.69,"priceCurrency":"CAD","itemCondition":"https://schema.org/NewCondition","url":"https://www.loblaws.ca/en/en/grade-a-extra-large-eggs/p/20812726001_EA"}},{"@context":"https://schema.org/","@type":"Product","name":"Naturegg Omega Plus White Eggs, Large","url":"https://www.loblaws.ca/en/en/naturegg-omega-plus-white-eggs-large/p/20815787001_EA","image":"https://digital.loblaws.ca/PCX/20815787001_EA/en/1/20815787001_en_front_1200.png","sku":"20815787001_EA","description":"Omega-3 eggs are produced from hens that have been fed a flax-based diet. They provide an additional source of omega-3 fatty acids and can be used in the same ways as regular eggs. Crack the thin, protective shell against the edge of a bowl (with one hand, if you want to impress your friends) and use the yolk and egg white inside for your favourite breakfast recipes and desserts.","brand":"Burnbrae Farms","offers":{"@type":"Offer","price":6.5,"priceCurrency":"CAD","itemCondition":"https://schema.org/NewCondition","url":"https://www.loblaws.ca/en/en/naturegg-omega-plus-white-eggs-large/p/20815787001_EA"}},{"@context":"https://schema.org/","@type":"Product","name":"Free Run Brown Eggs Large","url":"https://www.loblaws.ca/en/en/free-run-brown-eggs-large/p/20813628001_EA","image":"https://digital.loblaws.ca/PCX/20813628001_EA/en/1/20813628001_en_front_1200.png","sku":"20813628001_EA","description":"<p>These Canada Grade A eggs are exclusively from hens who live in an open-concept barn environment where they are free to roam, feed and nest. One of the most versatile ingredients in the kitchen, choose from our large eggs with 6 g of protein each or our extra large eggs with 7 g of protein each. Canada’s Food Guide considers 2 eggs to be one serving from the Meat and Alternatives food group.</p><p><br></p><p><span style=\"color: rgb(130, 130, 130); font-family: helvetica, arial, sans-serif; font-size: 15.2px; font-style: normal; font-variant-ligatures: normal; font-variant-caps: normal; font-weight: 400; letter-spacing: normal; orphans: 2; text-align: left; text-indent: 0px; text-transform: none; widows: 2; word-spacing: 0px; -webkit-text-stroke-width: 0px; white-space: normal; background-color: rgb(255, 255, 255); text-decoration-thickness: initial; text-decoration-style: initial; text-decoration-color: initial; display: inline !important; float: none;\">✓ Did you know…all PC® eggs are consciously sourced from farms using 100% cage-free spaces.</span></p>","brand":"President's Choice","offers":{"@type":"Offer","price":7.15,"priceCurrency":"CAD","itemCondition":"https://schema.org/NewCondition","url":"https://www.loblaws.ca/en/en/free-run-brown-eggs-large/p/20813628001_EA"}},{"@context":"https://schema.org/","@type":"Product","name":"Grade A Large Eggs","url":"https://www.loblaws.ca/en/en/grade-a-large-eggs/p/20814294001_EA","image":"https://digital.loblaws.ca/PCX/20814294001_EA/en/1/6565100001_enfr_front_centre_marketing_GS1_Ecommerce_1200.png","sku":"20814294001_EA","description":"Since 1893.<br><br>From Our Family to Yours!","brand":"Burnbrae Farms","offers":{"@type":"Offer","price":7.24,"priceCurrency":"CAD","itemCondition":"https://schema.org/NewCondition","url":"https://www.loblaws.ca/en/en/grade-a-large-eggs/p/20814294001_EA"}},{"@context":"https://schema.org/","@type":"Product","name":"Eggs, Medium","url":"https://www.loblaws.ca/en/en/eggs-medium/p/21685186001_EA","image":"https://digital.loblaws.ca/PCX/21685186001_EA/en/1/21685186001_en_front_1200.png","sku":"21685186001_EA","description":"<p>A\r\n  kitchen essential for baking and cooking your favourite recipes, add Medium\r\n  Size Eggs to your shopping list. They're perfect for making omelettes, egg\r\n  sandwiches, quiches, muffins, and more. The pack contains 30 eggs for the\r\n  whole family.</p>","brand":"No Name","offers":{"@type":"Offer","price":9.52,"priceCurrency":"CAD","itemCondition":"https://schema.org/NewCondition","url":"https://www.loblaws.ca/en/en/eggs-medium/p/21685186001_EA"}},{"@context":"https://schema.org/","@type":"Product","name":"Free Range Large Brown Eggs","url":"https://www.loblaws.ca/en/en/free-range-large-brown-eggs/p/20813711001_EA","image":"https://digital.loblaws.ca/PCX/20813711001_EA/en/1/20813711001_en_front_1200.png","sku":"20813711001_EA","description":"<p>Feel good about picking up Organics Free Range Large Brown Eggs. This carton comes with 12 eggs, perfect for your cooking and baking needs.</p><p><br></p><p><span style=\"color: rgb(130, 130, 130); font-family: helvetica, arial, sans-serif; font-size: 15.2px; font-style: normal; font-variant-ligatures: normal; font-variant-caps: normal; font-weight: 400; letter-spacing: normal; orphans: 2; text-align: left; text-indent: 0px; text-transform: none; widows: 2; word-spacing: 0px; -webkit-text-stroke-width: 0px; white-space: normal; background-color: rgb(255, 255, 255); text-decoration-thickness: initial; text-decoration-style: initial; text-decoration-color: initial; display: inline !important; float: none;\">✓ Did you know…all PC® eggs are consciously sourced from farms using 100% cage-free spaces.</span></p>","brand":"PC Organics","offers":{"@type":"Offer","price":7.89,"priceCurrency":"CAD","itemCondition":"https://schema.org/NewCondition","url":"https://www.loblaws.ca/en/en/free-range-large-brown-eggs/p/20813711001_EA"}},{"@context":"https://schema.org/","@type":"Product","name":"Eggo Original Waffles, 8 waffles","url":"https://www.loblaws.ca/en/en/eggo-original-waffles-8-waffles/p/20302779_EA","image":"https://digital.loblaws.ca/PCX/20302779_EA/en/1/20302779_en_front_1200.png","sku":"20302779_EA","description":"<p>Our classic Eggo® waffle. Crispy on the outside, fluffy in the inside, so delicious you can't just L'Eggo! The taste of homemade without all of the work. Enjoy the crispy, convenient family favourite.</p><ul><li>180 cal per serving (2 waffles)</li><li>No artificial flavours or colours</li><li>Low in sugar</li><li>Source of 7 vitamins and minerals</li><li>Crispy on the outside, fluffy in the inside</li></ul>","brand":"Kelloggs","offers":{"@type":"Offer","price":4.49,"priceCurrency":"CAD","itemCondition":"https://schema.org/NewCondition","url":"https://www.loblaws.ca/en/en/eggo-original-waffles-8-waffles/p/20302779_EA"}},{"@context":"https://schema.org/","@type":"Product","name":"Grade A Large Brown Eggs","url":"https://www.loblaws.ca/en/en/grade-a-large-brown-eggs/p/20813936001_EA","image":"https://digital.loblaws.ca/PCX/20813936001_EA/en/1/20813936001_en_front_1200.png","sku":"20813936001_EA","description":"Eggs range in size (extra-large, large, medium, etc.) and their shells are either white or brown, depending on the breed of the hen. Crack the thin, protective shell against the edge of a bowl (with one hand, if you want to impress your friends) and use the yolk and egg white inside for your favourite breakfast recipes and desserts.","brand":"No Name","offers":{"@type":"Offer","price":6.29,"priceCurrency":"CAD","itemCondition":"https://schema.org/NewCondition","url":"https://www.loblaws.ca/en/en/grade-a-large-brown-eggs/p/20813936001_EA"}},{"@context":"https://schema.org/","@type":"Product","name":"Thick Cut Fully Cooked Bacon","url":"https://www.loblaws.ca/en/en/thick-cut-fully-cooked-bacon/p/21669805_EA","image":"https://digital.loblaws.ca/PCX/21669805_EA/en/1/21669805_en_front_1200.png","sku":"21669805_EA","description":"<p>Schneiders® Thick Cut Fully Cooked Bacon makes a quick and easy addition to any meal. Ready in just 10 seconds, these pre-cooked bacon strips deliver the classic hardwood smoked bacon flavour Canadians know and love. Whether paired with eggs for breakfast or layered in a BLT for lunch, these bacon strips make meal prep quick, easy and delicious. With approximately 10 thick-cut strips per package, there’s enough to share with the whole family - perfect for busy weekdays or weekend brunches. Made with no artificial colours or flavours, these bacon strips offer authentic, real bacon taste. Since 1890, Schneiders® brand has established a rich heritage of original and authentic recipes using premium ingredients and taking all the time needed to honour the origin and inspiration of each recipe. Quality never gets old™.</p><ul><li>Classic Taste: Enjoy the classic hardwood smoked bacon flavour Canadians know and love</li><li>Fully Cooked: Ready in 10 seconds, fit real bacon into your schedule - from busy mornings to quick dinners and everything in between.</li><li>Thick Cut: Schneiders® hearty thick cut bacon strips make a satisfying addition to any meal</li><li>Real Bacon: Made without any artificial colours or flavours for classic bacon taste and texture</li><li>Quality Never Gets Old™: Schneiders® — delivering authentic flavours and premium quality since 1890</li></ul>","brand":"Schneiders","offers":{"@type":"Offer","price":10,"priceCurrency":"CAD","itemCondition":"https://schema.org/NewCondition","url":"https://www.loblaws.ca/en/en/thick-cut-fully-cooked-bacon/p/21669805_EA"}},{"@context":"https://schema.org/","@type":"Product","name":"Eggo Original Waffles, 16 waffles","url":"https://www.loblaws.ca/en/en/eggo-original-waffles-16-waffles/p/20099730004_EA","image":"https://digital.loblaws.ca/PCX/20099730004_EA/en/1/20099730004_en_front_1200.png","sku":"20099730004_EA","description":"<p>Our classic Eggo® waffle. Crispy on the outside, fluffy in the inside, so delicious you can't just L'Eggo! The taste of homemade without all of the work. Enjoy the crispy, convenient family favourite.</p><ul><li>180 cal per serving (2 waffles)</li><li>No artificial flavours or colours</li><li>Low in sugar</li><li>Source of 7 vitamins and minerals</li><li>Crispy on the outside, fluffy in the inside</li></ul>","brand":"Kelloggs","offers":{"@type":"Offer","price":5,"priceCurrency":"CAD","itemCondition":"https://schema.org/NewCondition","url":"https://www.loblaws.ca/en/en/eggo-original-waffles-16-waffles/p/20099730004_EA"}},{"@context":"https://schema.org/","@type":"Product","name":"Nibblers Smokey Bacon Natural Cheese Snacks","url":"https://www.loblaws.ca/en/en/nibblers-smokey-bacon-natural-cheese-snacks/p/21540213_EA","image":"https://digital.loblaws.ca/PCX/21540213_EA/en/1/21540213_en_front_1200.png","sku":"21540213_EA","description":"Savoury as can be! Smokey Bacon will rev up your taste buds and savour the home style flavour. Known for its mouth-watering flavour with the same firmness as cheese but has a springy texture. A snack time favourite, high in protein, available in many delicious flavours for the whole family!Armstrong Nibblers is the proud winner of the 2024 Best New Product Award!*CANADIANS CRAVE ARMSTRONG CHEESESTRONG ON HERITAGESince 1902, our master cheesemakers have passed along their knowledge and expertise to bring you Cheddar cheese at its best.STRONG ON CHEDDAROur natural cheeses are made from fresh milk and will taste delicious in your recipes.STRONG ON VALUESWe believe the best dairy products begin with milk from healthy, well cared for animals. We pledge to continue to promote best practices in dairy animal care.*Best New Product for Snacking Cheese category in a 2024 BrandSpark® survey.","brand":"Armstrong","offers":{"@type":"Offer","price":5,"priceCurrency":"CAD","itemCondition":"https://schema.org/NewCondition","url":"https://www.loblaws.ca/en/en/nibblers-smokey-bacon-natural-cheese-snacks/p/21540213_EA"}},{"@context":"https://schema.org/","@type":"Product","name":"Naturegg Nest Laid White Eggs, Large","url":"https://www.loblaws.ca/en/en/naturegg-nest-laid-white-eggs-large/p/20816075001_EA","image":"https://digital.loblaws.ca/PCX/20816075001_EA/en/1/20816075001_en_front_1200.png","sku":"20816075001_EA","description":"Eggs range in size (extra-large, large, medium, etc.) and their shells are either white or brown, depending on the breed of the hen. Crack the thin, protective shell against the edge of a bowl (with one hand, if you want to impress your friends) and use the yolk and egg white inside for your favourite breakfast recipes and desserts.","brand":"Burnbrae Farms","offers":{"@type":"Offer","price":5.5,"priceCurrency":"CAD","itemCondition":"https://schema.org/NewCondition","url":"https://www.loblaws.ca/en/en/naturegg-nest-laid-white-eggs-large/p/20816075001_EA"}}]}},"relatedLink":["search?search-bar=butter","search?search-bar=milk","search?search-bar=dairy%20&%20eggs","search?search-bar=bread","search?search-bar=cream","search?search-bar=whole%20eggs","search?search-bar=margarine","search?search-bar=turkey%20bacon","search?search-bar=homo%20milk","search?search-bar=english%20muffins","search?search-bar=breakfast%20sausage","search?search-bar=lactose%20free%20milk","search?search-bar=cheese%20slices","search?search-bar=skim%20milk","search?search-bar=almond%20milk","search?search-bar=cheese","search?search-bar=egg%20whites","search?search-bar=whole%20wheat%20bread","search?search-bar=cottage%20cheese","search?search-bar=bacon"]}</script><link as="script" rel="prefetch" href="https://assets.loblaws.ca/pcx-iceberg/builds/production/1.8.2/a099d8fa/_next/static/chunks/pages/homepage-dbb6bd85a8d5c964.js"><meta http-equiv="origin-trial" content="AlK2UR5SkAlj8jjdEc9p3F3xuFYlF6LYjAML3EOqw1g26eCwWPjdmecULvBH5MVPoqKYrOfPhYVL71xAXI1IBQoAAAB8eyJvcmlnaW4iOiJodHRwczovL2RvdWJsZWNsaWNrLm5ldDo0NDMiLCJmZWF0dXJlIjoiV2ViVmlld1hSZXF1ZXN0ZWRXaXRoRGVwcmVjYXRpb24iLCJleHBpcnkiOjE3NTgwNjcxOTksImlzU3ViZG9tYWluIjp0cnVlfQ=="><meta http-equiv="origin-trial" content="Amm8/NmvvQfhwCib6I7ZsmUxiSCfOxWxHayJwyU1r3gRIItzr7bNQid6O8ZYaE1GSQTa69WwhPC9flq/oYkRBwsAAACCeyJvcmlnaW4iOiJodHRwczovL2dvb2dsZXN5bmRpY2F0aW9uLmNvbTo0NDMiLCJmZWF0dXJlIjoiV2ViVmlld1hSZXF1ZXN0ZWRXaXRoRGVwcmVjYXRpb24iLCJleHBpcnkiOjE3NTgwNjcxOTksImlzU3ViZG9tYWluIjp0cnVlfQ=="><meta http-equiv="origin-trial" content="A9nrunKdU5m96PSN1XsSGr3qOP0lvPFUB2AiAylCDlN5DTl17uDFkpQuHj1AFtgWLxpLaiBZuhrtb2WOu7ofHwEAAACKeyJvcmlnaW4iOiJodHRwczovL2RvdWJsZWNsaWNrLm5ldDo0NDMiLCJmZWF0dXJlIjoiQUlQcm9tcHRBUElNdWx0aW1vZGFsSW5wdXQiLCJleHBpcnkiOjE3NzQzMTA0MDAsImlzU3ViZG9tYWluIjp0cnVlLCJpc1RoaXJkUGFydHkiOnRydWV9"><meta http-equiv="origin-trial" content="A93bovR+QVXNx2/38qDbmeYYf1wdte9EO37K9eMq3r+541qo0byhYU899BhPB7Cv9QqD7wIbR1B6OAc9kEfYCA4AAACQeyJvcmlnaW4iOiJodHRwczovL2dvb2dsZXN5bmRpY2F0aW9uLmNvbTo0NDMiLCJmZWF0dXJlIjoiQUlQcm9tcHRBUElNdWx0aW1vZGFsSW5wdXQiLCJleHBpcnkiOjE3NzQzMTA0MDAsImlzU3ViZG9tYWluIjp0cnVlLCJpc1RoaXJkUGFydHkiOnRydWV9"><meta http-equiv="origin-trial" content="A1S5fojrAunSDrFbD8OfGmFHdRFZymSM/1ss3G+NEttCLfHkXvlcF6LGLH8Mo5PakLO1sCASXU1/gQf6XGuTBgwAAACQeyJvcmlnaW4iOiJodHRwczovL2dvb2dsZXRhZ3NlcnZpY2VzLmNvbTo0NDMiLCJmZWF0dXJlIjoiQUlQcm9tcHRBUElNdWx0aW1vZGFsSW5wdXQiLCJleHBpcnkiOjE3NzQzMTA0MDAsImlzU3ViZG9tYWluIjp0cnVlLCJpc1RoaXJkUGFydHkiOnRydWV9"><script src="https://securepubads.g.doubleclick.net/pagead/managed/js/gpt/m202510060101/pubads_impl.js" async=""></script><link href="https://securepubads.g.doubleclick.net/pagead/managed/dict/m202510090101/gpt" rel="compression-dictionary"><script src="https://cdn.cookielaw.org/scripttemplates/202406.1.0/otBannerSdk.js" async="" type="text/javascript"></script></head><body data-app-version="1.8.2-a099d8fa" class="chakra-ui-light"><div id="__next"><script>!function(){var d=document.documentElement,n='data-iceberg-theme',s='setAttribute';d[s](n,'loblaw')}()</script><a class="focus:outline-none focus:ring-4 focus:ring-iceberg-mid-grey focus-visible:ring-iceberg-mid-grey focus:ring-offset-0 focus-visible:ring-offset-0 focus-visible:ring-4 sr-only focus:not-sr-only focus:inline-block focus:rounded-none focus:absolute bg-iceberg-dark-grey text-iceberg-lighter-green text-xs font-default" data-testid="skip-to-layout-main" href="#iceberg-layout-main">Skip to Main Content</a><a class="focus:outline-none focus:ring-4 focus:ring-iceberg-mid-grey focus-visible:ring-iceberg-mid-grey focus:ring-offset-0 focus-visible:ring-offset-0 focus-visible:ring-4 sr-only focus:not-sr-only focus:inline-block focus:rounded-none focus:absolute bg-iceberg-dark-grey text-iceberg-lighter-green text-xs font-default" data-testid="skip-to-layout-footer" href="#iceberg-layout-footer">Skip to Footer</a><div data-testid="iceberg-root-layout"><section data-testid="iceberg-layout-banner"><div class="w-full" data-testid="iceberg-site-banner"><div class="h-12 flex-row text-sm items-center space-x-5 bg-iceberg-masthead-top-bar-background px-3 py-2 gap-4 text-iceberg-masthead-top-bar-foreground border-y border-y-iceberg-masthead-top-bar-border w-full hidden md:flex" data-testid="iceberg-masthead-topbar"><div class="flex-1 shrink-0" data-testid="iceberg-masthead-left"><span>🚚 Unlimited grocery delivery. Get it with PC Express Pass – sign up for an annual Pass and get your first year for $29.99*.  <button class="p-0 m-0 underline" data-testid="iceberg-mode-transition-custom-link" type="button">Learn more</button></span></div><div class="shrink-0" data-testid="iceberg-masthead-right"><div class="w-full flex flex-row items-center space-x-5"><a href="/loyalty?navid=superheader" title="PC Optimum" class="inline-flex items-center justify-center whitespace-nowrap ring-inset ring-offset-background transition-colors focus:outline-none focus:ring-4 focus:ring-iceberg-mid-grey focus-visible:ring-iceberg-mid-grey focus:ring-offset-0 focus-visible:ring-offset-0 focus-visible:ring-4 disabled:pointer-events-none disabled:opacity-50 underline-offset-4 hover:underline p-0 h-auto uppercase font-default text-xs font-normal text-iceberg-masthead-top-bar-foreground hover:text-iceberg-masthead-top-bar-foreground rounded-none" data-testid="iceberg-top-bar-pc-optimum" type="button">PC Optimum</a><span class="border-l border-iceberg-masthead-top-bar-spacer h-4" data-testid="iceberg-top-bar-spacer"></span><a href="/pc-express-fees" title="Fees" class="inline-flex items-center justify-center whitespace-nowrap ring-inset ring-offset-background transition-colors focus:outline-none focus:ring-4 focus:ring-iceberg-mid-grey focus-visible:ring-iceberg-mid-grey focus:ring-offset-0 focus-visible:ring-offset-0 focus-visible:ring-4 disabled:pointer-events-none disabled:opacity-50 underline-offset-4 hover:underline p-0 h-auto uppercase font-default text-xs font-normal text-iceberg-masthead-top-bar-foreground hover:text-iceberg-masthead-top-bar-foreground rounded-none" data-testid="iceberg-top-bar-fees" type="button">Fees</a><span class="border-l border-iceberg-masthead-top-bar-spacer h-4" data-testid="iceberg-top-bar-spacer"></span><a href="/fr/search?search-bar=eggs" class="inline-flex items-center justify-center whitespace-nowrap ring-inset ring-offset-background transition-colors focus:outline-none focus:ring-4 focus:ring-iceberg-mid-grey focus-visible:ring-iceberg-mid-grey focus:ring-offset-0 focus-visible:ring-offset-0 focus-visible:ring-4 disabled:pointer-events-none disabled:opacity-50 underline-offset-4 hover:underline p-0 h-auto uppercase font-default text-xs font-normal text-iceberg-masthead-top-bar-foreground hover:text-iceberg-masthead-top-bar-foreground rounded-none" data-testid="iceberg-top-bar-switch-locale" type="button">fr</a></div></div></div></div></section><section data-testid="iceberg-layout-header"><div style="min-height: 110px;"><div class="z-10 sticky w-full sticky" style="transform: translateZ(0px); top: 0px; width: 747px; position: fixed;"><header data-testid="iceberg-site-header"><div class="hidden lg:block relative" data-testid="iceberg-nav-desktop"><nav class="flex justify-between items-center px-4 gap-4 py-0 pl-0 min-h-[60px] bg-iceberg-menu-bar-overwrite-background text-iceberg-menu-bar-overwrite-foreground" data-testid="iceberg-menu-bar"><div class="flex-1 flex-col overflow-x-visible whitespace-nowrap"><div class="" data-testid="iceberg-masthead-left"><div class="flex flex-row items-center"><div class="shrink-0"><div class="flex flex-row justify-start bg-iceberg-brand-logo-background"><div class="flex lg:min-h-[60px]" data-testid="iceberg-brand-logo"><a class="flex logo px-4 lg:px-5 items-center justify-center border-b-[6px] border-red-600" data-testid="iceberg-brand-logo-url" href="/en"><img alt="Loblaws homepage" class="mt-1.5 w-[100px] h-auto lg:w-[125px] lg:h-[35px]" src="https://dis-prod.assetful.loblaw.ca/content/dam/loblaw-companies-limited/creative-assets/logos/pcx-banner-logos-/loblaw-reverse_v2.svg"></a></div><div class="flex lg:min-h-[60px] bg-[#f0f0f0] shadow-[inset_4px_0_4px_-4px_rgba(0,0,0,0.5),_inset_-4px_0_4px_-4px_rgba(0,0,0,0.5)]" data-testid="iceberg-brand-logo"><a class="flex logo px-4 lg:px-5 items-center justify-center" data-testid="iceberg-brand-logo-url" rel="noopener noreferrer" target="_blank" href="https://rapid.pcexpress.ca"><img alt="PC Express Rapid Delivery homepage" class="w-[100px] h-auto mt-1.5 lg:w-[125px] lg:h-[35px]" src="https://dis-prod.assetful.loblaw.ca/content/dam/loblaw-companies-limited/creative-assets/bolt/rapid-mode-logo.svg"></a></div></div></div><div class="pl-10 flex-1"><div class="font-default" data-testid="iceberg-type-ahead-search"><div class="inline-flex flex-col relative w-full text-iceberg-black mt-0" data-testid="autocomplete"><label id="react-aria3480273755-:rr:" for="react-aria3480273755-:rq:" class="block text-sm font-medium text-iceberg-lighter-grey text-left sr-only">Search for Product</label><div class="relative"><input type="text" class="flex h-10 w-full rounded-md border border-input bg-background px-3 py-2 text-sm ring-offset-background file:border-0 file:bg-transparent file:text-sm file:font-medium placeholder:text-muted-foreground focus-visible:outline-none focus-visible:ring-2 focus-visible:ring-ring focus-visible:ring-offset-2 disabled:cursor-not-allowed disabled:opacity-50 font-default whitespace-nowrap overflow-hidden text-ellipsis pt-[5px] pr-[80px] pb-[5px] pl-[15px]" data-testid="autocomplete-input" aria-autocomplete="list" autocomplete="off" placeholder="Search for Product" autocorrect="off" spellcheck="false" tabindex="0" id="react-aria3480273755-:rq:" aria-labelledby="react-aria3480273755-:rr:" role="combobox" aria-expanded="false" value="eggs"><div class="flex absolute right-2 top-0 h-7 gap-2 items-center mt-1.5"><button class="inline-flex items-center justify-center whitespace-nowrap rounded-sm text-sm font-medium ring-inset ring-offset-background transition-colors focus:outline-none focus:ring-4 focus:ring-iceberg-mid-grey focus:ring-offset-0 focus-visible:ring-offset-0 focus-visible:ring-4 disabled:pointer-events-none disabled:opacity-50 h-5 w-5 text-iceberg-black bg-transparent hover:bg-transparent focus-visible:ring-iceberg-lighter-grey" data-testid="clear-input" title="Clear Search" aria-label="Clear Search" type="reset"><svg xmlns="http://www.w3.org/2000/svg" width="24" height="24" viewBox="0 0 24 24" fill="none" stroke="currentColor" stroke-width="2" stroke-linecap="round" stroke-linejoin="round" class="lucide lucide-x"><path d="M18 6 6 18"></path><path d="m6 6 12 12"></path></svg></button><button class="inline-flex items-center justify-center whitespace-nowrap rounded-sm text-sm font-medium ring-inset ring-offset-background transition-colors focus:outline-none focus:ring-4 focus:ring-iceberg-mid-grey focus:ring-offset-0 focus-visible:ring-offset-0 focus-visible:ring-4 disabled:pointer-events-none disabled:opacity-50 mr-2 h-5 w-5 right-0 top-3 bg-transparent text-iceberg-black hover:bg-transparent focus-visible:ring-iceberg-lighter-grey" data-testid="submit-search" title="Submit Search" aria-label="Submit Search" type="submit"><svg xmlns="http://www.w3.org/2000/svg" width="24" height="24" viewBox="0 0 24 24" fill="none" stroke="currentColor" stroke-width="2" stroke-linecap="round" stroke-linejoin="round" class="lucide lucide-search"><circle cx="11" cy="11" r="8"></circle><path d="m21 21-4.3-4.3"></path></svg></button></div></div></div></div></div></div></div></div><div class="shrink-0"><div class="" data-testid="iceberg-masthead-right"><div class="flex font-default text-xs flex-col lg:flex-row lg:items-center max-lg:px-4" data-testid="iceberg-fulfillment-widget"><div class="mr-0 md:mr-6"><div data-testid="iceberg-fulfillment-mode"><button class="justify-center whitespace-nowrap rounded-sm font-medium ring-inset ring-offset-background transition-colors focus:outline-none focus:ring-4 focus:ring-iceberg-mid-grey focus-visible:ring-iceberg-mid-grey focus:ring-offset-0 focus-visible:ring-offset-0 focus-visible:ring-4 disabled:pointer-events-none disabled:opacity-50 flex text-xs group text-iceberg-fulfillment-trigger hover:bg-transparent hover:text-iceberg-fulfillment-trigger items-center p-0 h-auto space-x-1" data-testid="iceberg-fulfillment-trigger" aria-label="View location: Loblaws Isabella Street"><svg xmlns="http://www.w3.org/2000/svg" width="24" height="24" viewBox="0 0 24 24" fill="none" stroke="currentColor" stroke-width="2" stroke-linecap="round" stroke-linejoin="round" class="w-4 h-4 shrink-0" aria-hidden="true" data-testid="iceberg-map-icon" focusable="false"><path d="M20 10c0 6-8 12-8 12s-8-6-8-12a8 8 0 0 1 16 0Z"></path><circle cx="12" cy="10" r="3"></circle></svg><span class="flex flex-col items-start text-xs font-normal"><span class="group-hover:underline uppercase mt-1 text-xs font-normal">Loblaws Isabella Street</span></span></button></div></div><div class="mr-0 md:mr-2"><div class="max-w-[17rem]" data-testid="iceberg-fulfillment-timeslot"><div class="flex flex-wrap items-start lg:items-center text-iceberg-mid-grey lg:text-iceberg-fulfillment-trigger" data-testid="iceberg-timeslot-widget"><svg xmlns="http://www.w3.org/2000/svg" width="16" height="16" viewBox="0 0 24 24" fill="none" stroke="currentColor" stroke-width="2" stroke-linecap="round" stroke-linejoin="round" class="lucide lucide-clock" aria-hidden="true" data-testid="iceberg-clock-icon" focusable="false"><circle cx="12" cy="12" r="10"></circle><polyline points="12 6 12 12 16 14"></polyline></svg><div class="lg:flex lg:items-center block lg:flex-auto flex-1 ml-2"><div class="font-normal mt-2 md:mt-0 text-base md:text-xs mr-2"><p>Delivery by 1:30PM, today</p><p class="mt-1">Pickup by 1:30PM, today</p></div><button class="inline-flex items-center justify-center whitespace-nowrap ring-inset ring-offset-background transition-colors focus:outline-none focus:ring-4 focus:ring-iceberg-mid-grey focus-visible:ring-iceberg-mid-grey focus:ring-offset-0 focus-visible:ring-offset-0 focus-visible:ring-4 disabled:pointer-events-none disabled:opacity-50 underline-offset-4 hover:underline h-10 py-2 group/btn-l1 text-sm relative rounded-none uppercase font-default font-semibold space-x-2 px-2.5 text-iceberg-menu-bar-foreground hover:text-iceberg-menu-bar-hover data-[state=open]:decoration-iceberg-menu-bar-hover data-[state=open]:underline" data-testid="iceberg-main-nav-l1-button" type="button" aria-haspopup="dialog" aria-expanded="false" aria-controls="radix-:r2a:" data-state="closed"><svg xmlns="http://www.w3.org/2000/svg" width="16" height="16" viewBox="0 0 24 24" fill="none" stroke="currentColor" stroke-width="2" stroke-linecap="round" stroke-linejoin="round" class="lucide lucide-help-circle" aria-hidden="true" focusable="false"><circle cx="12" cy="12" r="10"></circle><path d="M9.09 9a3 3 0 0 1 5.83 1c0 2-3 3-3 3"></path><path d="M12 17h.01"></path></svg><span></span><svg aria-hidden="true" class="absolute transition-all delay-0 -bottom-5 right-3 w-4 h-2.5 rotate-180 opacity-0 group-data-[state=open]/btn-l1:opacity-100 group-data-[state=open]/btn-l1:bottom-0 group-data-[state=closed]/btn-l1:opacity-0 group-data-[state=closed]/btn-l1:-bottom-5 left-0.5 fill-iceberg-white" data-testid="iceberg-main-nav-l1-arrow" width="10" height="5" viewBox="0 0 30 10" preserveAspectRatio="none"><polygon points="0,0 30,0 15,10"></polygon></svg></button></div></div></div></div></div></div></div></nav><nav class="flex justify-between items-center px-4 gap-4 bg-iceberg-menu-bar-background text-iceberg-menu-bar-foreground min-h-[60px] border-t-iceberg-dark-grey border-t overflow-x-auto overflow-y-hidden scrollbar-iceberg" data-testid="iceberg-menu-bar"><div class="flex-1 flex-col overflow-x-visible whitespace-nowrap"><div class="" data-testid="iceberg-masthead-left"><div class="flex flex-row space-x-4"><div class="py-2" data-testid="iceberg-nav-desktop-cta-skeleton"><div class="animate-pulse bg-muted h-6 rounded-none w-32"></div></div><div class="py-2" data-testid="iceberg-nav-desktop-cta-skeleton"><div class="animate-pulse bg-muted h-6 rounded-none w-32"></div></div><div class="py-2" data-testid="iceberg-nav-desktop-cta-skeleton"><div class="animate-pulse bg-muted h-6 rounded-none w-32"></div></div><div class="py-2" data-testid="iceberg-nav-desktop-cta-skeleton"><div class="animate-pulse bg-muted h-6 rounded-none w-32"></div></div><div class="py-2" data-testid="iceberg-nav-desktop-cta-skeleton"><div class="animate-pulse bg-muted h-6 rounded-none w-32"></div></div></div></div></div><div class="shrink-0"><div class="" data-testid="iceberg-masthead-right"><div class="flex flex-row space-x-4"><button class="inline-flex items-center justify-center whitespace-nowrap ring-inset ring-offset-background transition-colors focus:outline-none focus:ring-4 focus:ring-iceberg-mid-grey focus-visible:ring-iceberg-mid-grey focus:ring-offset-0 focus-visible:ring-offset-0 focus-visible:ring-4 disabled:pointer-events-none disabled:opacity-50 underline-offset-4 hover:underline group/btn-l1 text-sm relative rounded-none uppercase font-default font-semibold space-x-2 px-2.5 text-iceberg-menu-bar-foreground hover:text-iceberg-menu-bar-hover data-[state=open]:decoration-iceberg-menu-bar-hover data-[state=open]:underline py-5 h-[60px]" data-testid="iceberg-main-nav-account-button"><svg xmlns="http://www.w3.org/2000/svg" width="20" height="20" viewBox="0 0 24 24" fill="none" stroke="currentColor" stroke-width="2" stroke-linecap="round" stroke-linejoin="round" class="lucide lucide-user-circle" aria-hidden="true"><circle cx="12" cy="12" r="10"></circle><circle cx="12" cy="10" r="3"></circle><path d="M7 20.662V19a2 2 0 0 1 2-2h6a2 2 0 0 1 2 2v1.662"></path></svg><span>Sign In</span></button><button class="inline-flex items-center justify-center whitespace-nowrap ring-inset ring-offset-background transition-colors focus:outline-none focus:ring-4 focus:ring-iceberg-mid-grey focus-visible:ring-iceberg-mid-grey focus:ring-offset-0 focus-visible:ring-offset-0 focus-visible:ring-4 disabled:pointer-events-none disabled:opacity-50 underline-offset-4 hover:underline group/btn-l1 text-sm relative rounded-none uppercase font-default font-semibold space-x-2 px-2.5 data-[state=open]:decoration-iceberg-menu-bar-hover data-[state=open]:underline py-5 h-[60px] text-iceberg-mobile-menu-bar-trigger hover:text-iceberg-mobile-menu-bar-trigger lg:text-iceberg-white lg:hover:text-iceberg-white" data-testid="iceberg-main-nav-cart-button" aria-label="0 items in cart, click to review cart"><div aria-hidden="true" class="relative"><svg xmlns="http://www.w3.org/2000/svg" width="20" height="20" viewBox="0 0 24 24" fill="none" stroke="currentColor" stroke-width="2" stroke-linecap="round" stroke-linejoin="round" class="lucide lucide-shopping-cart"><circle cx="8" cy="21" r="1"></circle><circle cx="19" cy="21" r="1"></circle><path d="M2.05 2.05h2l2.66 12.42a2 2 0 0 0 2 1.58h9.78a2 2 0 0 0 1.95-1.57l1.65-7.43H5.12"></path></svg><div class="min-w-[18px] h-[18px] px-1 -right-2 -top-2.5 absolute flex justify-center items-center bg-iceberg-pc-red rounded-full text-center text-white text-xs font-semibold font-default" data-testid="iceberg-main-nav-cart-button-count">0</div></div><span></span></button></div></div></div></nav></div><div class="lg:hidden flex flex-row bg-iceberg-menu-bar-overwrite-background text-iceberg-menu-bar-overwrite-foreground" data-testid="iceberg-site-header-nav-mobile"><div class="flex flex-row flex-1"><div class="w-[50px] h-[50px] flex justify-center items-center" data-testid="iceberg-nav-mobile-drawer-skeleton"><div class="animate-pulse bg-muted w-6 h-6 rounded-none"></div></div><div class="flex flex-row justify-start bg-iceberg-brand-logo-background"><div class="flex lg:min-h-[60px]" data-testid="iceberg-brand-logo"><a class="flex logo px-4 lg:px-5 items-center justify-center border-b-[6px] border-red-600" data-testid="iceberg-brand-logo-url" href="/en"><img alt="Loblaws homepage" class="mt-1.5 w-[100px] h-auto lg:w-[125px] lg:h-[35px]" src="https://dis-prod.assetful.loblaw.ca/content/dam/loblaw-companies-limited/creative-assets/logos/pcx-banner-logos-/loblaw-reverse_v2.svg"></a></div><div class="flex lg:min-h-[60px] bg-[#f0f0f0] shadow-[inset_4px_0_4px_-4px_rgba(0,0,0,0.5),_inset_-4px_0_4px_-4px_rgba(0,0,0,0.5)]" data-testid="iceberg-brand-logo"><a class="flex logo px-4 lg:px-5 items-center justify-center" data-testid="iceberg-brand-logo-url" rel="noopener noreferrer" target="_blank" href="https://rapid.pcexpress.ca"><img alt="PC Express Rapid Delivery homepage" class="w-[100px] h-auto mt-1.5 lg:w-[125px] lg:h-[35px]" src="https://dis-prod.assetful.loblaw.ca/content/dam/loblaw-companies-limited/creative-assets/bolt/rapid-mode-logo.svg"></a></div></div></div><div class="flex items-center"><button class="inline-flex items-center justify-center whitespace-nowrap ring-inset ring-offset-background transition-colors focus:outline-none focus:ring-4 focus:ring-iceberg-mid-grey focus-visible:ring-iceberg-mid-grey focus:ring-offset-0 focus-visible:ring-offset-0 focus-visible:ring-4 disabled:pointer-events-none disabled:opacity-50 underline-offset-4 hover:underline h-10 py-2 group/btn-l1 text-sm relative rounded-none uppercase font-default font-semibold space-x-2 px-2.5 data-[state=open]:decoration-iceberg-menu-bar-hover data-[state=open]:underline text-iceberg-mobile-menu-bar-trigger hover:text-iceberg-mobile-menu-bar-trigger" data-testid="iceberg-fulfillment-trigger" aria-label="View location: Loblaws Isabella Street"><svg xmlns="http://www.w3.org/2000/svg" width="20" height="20" viewBox="0 0 24 24" fill="none" stroke="currentColor" stroke-width="2" stroke-linecap="round" stroke-linejoin="round" class="lucide lucide-map-pin"><path d="M20 10c0 6-8 12-8 12s-8-6-8-12a8 8 0 0 1 16 0Z"></path><circle cx="12" cy="10" r="3"></circle></svg></button><button class="inline-flex items-center justify-center whitespace-nowrap ring-inset ring-offset-background transition-colors focus:outline-none focus:ring-4 focus:ring-iceberg-mid-grey focus-visible:ring-iceberg-mid-grey focus:ring-offset-0 focus-visible:ring-offset-0 focus-visible:ring-4 disabled:pointer-events-none disabled:opacity-50 underline-offset-4 hover:underline group/btn-l1 text-sm relative rounded-none uppercase font-default font-semibold space-x-2 px-2.5 data-[state=open]:decoration-iceberg-menu-bar-hover data-[state=open]:underline py-5 h-[60px] text-iceberg-mobile-menu-bar-trigger hover:text-iceberg-mobile-menu-bar-trigger lg:text-iceberg-white lg:hover:text-iceberg-white" data-testid="iceberg-main-nav-cart-button" aria-label="0 items in cart, click to review cart"><div aria-hidden="true" class="relative"><svg xmlns="http://www.w3.org/2000/svg" width="20" height="20" viewBox="0 0 24 24" fill="none" stroke="currentColor" stroke-width="2" stroke-linecap="round" stroke-linejoin="round" class="lucide lucide-shopping-cart"><circle cx="8" cy="21" r="1"></circle><circle cx="19" cy="21" r="1"></circle><path d="M2.05 2.05h2l2.66 12.42a2 2 0 0 0 2 1.58h9.78a2 2 0 0 0 1.95-1.57l1.65-7.43H5.12"></path></svg><div class="min-w-[18px] h-[18px] px-1 -right-2 -top-2.5 absolute flex justify-center items-center bg-iceberg-pc-red rounded-full text-center text-white text-xs font-semibold font-default" data-testid="iceberg-main-nav-cart-button-count">0</div></div><span></span></button></div></div><div class="lg:hidden flex flex-col bg-iceberg-menu-bar-background text-iceberg-menu-bar-foreground h-[50px] px-2 py-[5px]"><div class="font-default" data-testid="iceberg-type-ahead-search"><div class="inline-flex flex-col relative w-full text-iceberg-black mt-0" data-testid="autocomplete"><label id="react-aria3480273755-:r15:" for="react-aria3480273755-:r14:" class="block text-sm font-medium text-iceberg-lighter-grey text-left sr-only">Search for Product</label><div class="relative"><input type="text" class="flex h-10 w-full rounded-md border border-input bg-background px-3 py-2 text-sm ring-offset-background file:border-0 file:bg-transparent file:text-sm file:font-medium placeholder:text-muted-foreground focus-visible:outline-none focus-visible:ring-2 focus-visible:ring-ring focus-visible:ring-offset-2 disabled:cursor-not-allowed disabled:opacity-50 font-default whitespace-nowrap overflow-hidden text-ellipsis pt-[5px] pr-[80px] pb-[5px] pl-[15px]" data-testid="autocomplete-input" aria-autocomplete="list" autocomplete="off" placeholder="Search for Product" autocorrect="off" spellcheck="false" tabindex="0" id="react-aria3480273755-:r14:" aria-labelledby="react-aria3480273755-:r15:" role="combobox" aria-expanded="false" value="eggs"><div class="flex absolute right-2 top-0 h-7 gap-2 items-center mt-1.5"><button class="inline-flex items-center justify-center whitespace-nowrap rounded-sm text-sm font-medium ring-inset ring-offset-background transition-colors focus:outline-none focus:ring-4 focus:ring-iceberg-mid-grey focus:ring-offset-0 focus-visible:ring-offset-0 focus-visible:ring-4 disabled:pointer-events-none disabled:opacity-50 h-5 w-5 text-iceberg-black bg-transparent hover:bg-transparent focus-visible:ring-iceberg-lighter-grey" data-testid="clear-input" title="Clear Search" aria-label="Clear Search" type="reset"><svg xmlns="http://www.w3.org/2000/svg" width="24" height="24" viewBox="0 0 24 24" fill="none" stroke="currentColor" stroke-width="2" stroke-linecap="round" stroke-linejoin="round" class="lucide lucide-x"><path d="M18 6 6 18"></path><path d="m6 6 12 12"></path></svg></button><button class="inline-flex items-center justify-center whitespace-nowrap rounded-sm text-sm font-medium ring-inset ring-offset-background transition-colors focus:outline-none focus:ring-4 focus:ring-iceberg-mid-grey focus:ring-offset-0 focus-visible:ring-offset-0 focus-visible:ring-4 disabled:pointer-events-none disabled:opacity-50 mr-2 h-5 w-5 right-0 top-3 bg-transparent text-iceberg-black hover:bg-transparent focus-visible:ring-iceberg-lighter-grey" data-testid="submit-search" title="Submit Search" aria-label="Submit Search" type="submit"><svg xmlns="http://www.w3.org/2000/svg" width="24" height="24" viewBox="0 0 24 24" fill="none" stroke="currentColor" stroke-width="2" stroke-linecap="round" stroke-linejoin="round" class="lucide lucide-search"><circle cx="11" cy="11" r="8"></circle><path d="m21 21-4.3-4.3"></path></svg></button></div></div></div></div></div></header><div role="region" aria-label="Notifications (F8)" tabindex="-1" style="pointer-events:none"><ol tabindex="-1"></ol></div></div></div></section><main class="min-h-screen overflow-x-hidden relative" data-testid="iceberg-layout-main" id="iceberg-layout-main"><div inert="true" aria-hidden="true" style="display: block; min-height: 20px; min-width: 20px; top: -9999px; opacity: 0; position: absolute;"><div class="chakra-container css-1yvva6b" data-testid="with-media-component-2-section"><div data-testid="with-media-component-2" class="css-0"><div data-testid="shoppable-display-2pJjosOkQBNfIzj03B3dyC" class="css-12v8fi9"><div class="css-147ar3n"><div class="css-1xhj18k"><div class="css-2imjyh"><img alt="" src="" class="chakra-image css-mthmt9" data-testid="header-logo"></div><div class="css-qdg68b"><div class="css-117go8d"><div class="css-1pzcvyn"><h2 class="chakra-heading css-1mxhm5x" data-testid="heading">Proudly Prepared in Canada</h2></div><div class="css-0"><p class="chakra-text css-1w3uvu5">Sponsored</p></div></div><a class="chakra-link css-jmtsim" data-testid="header-link" href="/collection/kraftspreads" aria-label="null Proudly Prepared in Canada"></a></div></div></div><a class="chakra-link css-14qfziv" href="#:r1f:-2pJjosOkQBNfIzj03B3dyC">skip Proudly Prepared in Canada</a><div class="css-zp7j0o"><div class="css-2wavk5"><a class="chakra-link css-jmtsim" data-testid="shoppable-image-link" href="/collection/kraftspreads" aria-label="null Proudly Prepared in Canada"><div class="chakra-aspect-ratio css-17yhboj"><img alt="Sponsored Kraft Heinz" src="" class="chakra-image css-1ywmljq"></div></a></div><div class="css-i6bazn"><div data-testid="shoppable-display-2pJjosOkQBNfIzj03B3dyC-carousel" class="css-j7qwjs"><a class="chakra-link css-14qfziv" href="#:r1g:">skip Proudly Prepared in Canada</a><div class="css-7o2kcf"><div class="indiana-scroll-container"><ul role="list" class="css-7i2yy7"><li class="css-0"><div class="css-kyhj20"><div class="chakra-linkbox css-yxqevf"><div data-testid="product-image" class="css-16dr4ly"><img alt="Kraft Smooth Peanut Butter 2 kg, $0.75/100g" src="" class="chakra-image css-oguq8l" aria-hidden="true"></div><div class="css-qoklea"><div class="css-12dchmx"><div class="chakra-badge css-1v3cpnt" data-testid="product-badge"><div class="css-u4p24i">Prepared in Canada</div></div></div><div data-testid="price-product-tile" class="css-8atqhb"><p class="chakra-text css-0"><span class="chakra-text css-pwnbcb" data-testid="regular-price">$14.99</span></p></div><a href="/smooth-peanut-butter/p/20064825001_EA?source=sptd" class="chakra-linkbox__overlay css-1hnz6hu"><div class="css-0"><p class="chakra-text css-1ecdp9w" data-testid="product-brand">Kraft</p><h3 class="chakra-heading css-6qrhwc" id="20064825001_EA" data-testid="product-title">Smooth Peanut Butter</h3><p class="chakra-text css-1yftjin" data-testid="product-package-size">2 kg, $0.75/100g</p></div></a><div class="css-8keand"></div></div><div class="css-1q5omjq"><div class="css-1j3tjfb"><div data-testid="atc-compact" class="css-1euv18j" style="width: 45px;"><button type="button" class="chakra-button css-18ot9v9" data-testid="atc-button"><svg stroke="currentColor" fill="currentColor" stroke-width="0" viewBox="0 0 24 24" focusable="false" class="chakra-icon css-1g3sp7a" data-testid="btn-icon" aria-hidden="true" height="1em" width="1em" xmlns="http://www.w3.org/2000/svg"><path d="M19 13h-6v6h-2v-6H5v-2h6V5h2v6h6v2z"></path></svg><span class="css-idkz9h">Add Smooth Peanut Butter to cart</span></button></div></div></div></div></div></li></ul></div></div><div id=":r1g:" class="css-0"></div></div></div></div><span id=":r1f:-2pJjosOkQBNfIzj03B3dyC">&nbsp;</span></div></div></div></div><div inert="true" aria-hidden="true" style="display: block; min-height: 20px; min-width: 20px; top: -9999px; opacity: 0; position: absolute;"><div data-testid="product-grid-component" class="css-1tjthuk"><div class="css-0" style="caret-color: rgb(26, 32, 44); color: rgb(26, 32, 44); font-family: &quot;Noir Pro&quot;, jfcalibre, &quot;Helvetica Neue&quot;, helvetica, arial, sans-serif; font-size: 12px; font-weight: 400; height: 289.6px; line-height: 18px; overflow-wrap: break-word; transform-origin: 85px 144.8px; visibility: visible; width: 170px;"><div class="css-yyn1h"><div class="chakra-linkbox css-yxqevf" style="height: 40px; display: block;"><div data-testid="product-image" class="css-1llgc3i"><img src="" loading="lazy" class="chakra-image css-oguq8l" aria-hidden="true"></div><div class="css-qoklea"><div class="css-12dchmx"><div class="css-1jkwq69"><span class="chakra-badge css-zngtve" data-testid="product-badge">Sponsored</span></div></div><div data-testid="price-product-tile" class="css-8atqhb"><p class="chakra-text css-0"><span class="chakra-text css-o93gbd" data-testid="sale-price"><span class="css-idkz9h">sale</span>$7.00</span><span class="chakra-text css-623q5h" data-testid="was-price"><span class="css-idkz9h">was</span>$8.49</span></p><p class="chakra-text css-1m5a6y8" data-testid="price-descriptor">SAVE $1.49</p></div><a href="" class="chakra-linkbox__overlay css-1hnz6hu"><div class="css-0"><span class="css-idkz9h">Sponsored</span><p class="chakra-text css-1ecdp9w" data-testid="product-brand">Minute Rice</p><h3 class="chakra-heading css-6qrhwc" id="20074783001_EA" data-testid="product-title">Premium Long Grain Rice</h3><p class="chakra-text css-1yftjin" data-testid="product-package-size">1.4 kg, $0.50/100g</p></div></a><div class="css-8keand"></div></div><div class="css-1q5omjq"><div class="css-1j3tjfb"><div data-testid="atc-compact" class="css-195uh0d" style="width: 45px;"><button type="button" class="chakra-button css-9z7b5j" data-testid="atc-button"><svg stroke="currentcolor" fill="currentcolor" stroke-width="0" viewBox="0 0 24 24" focusable="false" class="chakra-icon css-1ibud8c" data-testid="btn-icon" aria-hidden="true" height="1em" width="1em" xmlns="http://www.w3.org/2000/svg"> <path d="M19 13h-6v6h-2v-6H5v-2h6V5h2v6h6v2z"></path></svg><span class="css-idkz9h">Add Premium Long Grain Rice to cart</span></button></div></div></div></div></div></div></div></div><div inert="true" aria-hidden="true" style="display: block; min-height: 20px; min-width: 20px; top: -9999px; opacity: 0; position: absolute;"><div data-testid="with-media-component"><article data-testid="iab-9q8jZPCt3XJwPlzy59aU2" class="chakra-linkbox css-1pggl6j" style="height: 50px; width: 170px;"><a href="/search?search-bar=PC%20organics&amp;sort=relevance&amp;productBrand=PC%20Organics&amp;icid=ve_hme_gr_pc-organics-wellness_20221229_20231227_sl1" data-testid="iab-9q8jZPCt3XJwPlzy59aU2-link" class="chakra-linkbox__overlay css-1hnz6hu"><div class="chakra-aspect-ratio css-15psg19" style="height: 50px; width: 170px;"><img alt="Sponsored Over 300 PC Organics Products to discover. Shop now" src="https://resource.ecdrsvc.com/api/api/7005022/wk01_pcorganic_728x90_en_2x_v1/wk01_pcorganic_728x90_en_2x.jpg?imwidth=45.5rem" srcset="https://resource.ecdrsvc.com/api/api/7005022/wk01_pcorganic_728x90_en_2x_v1/wk01_pcorganic_728x90_en_2x.jpg" loading="eager" class="chakra-image css-1akwb4s" style="height: 50px; width: 170px;"></div></a><div class="css-6dd5l1"><p class="chakra-text css-w5ovjp">Sponsored</p></div></article></div></div><div data-testid="listing-page-container" data-test-id="search-results-layout" class="css-1nntebs"><div class="css-0"><div class="css-7nb5qz"><div class="css-cg3dyc"><section><div class="chakra-container css-1kxdru8" data-testid="with-media-component-spt1-section"><div data-testid="with-media-component-spt1" class="css-0"><article data-testid="iab-2IpZjHfMKo8nXYkZI3W6V5" class="chakra-linkbox css-1st8snr"><a href="/collection/farmhouse?isPaidCampaign=true" data-testid="iab-2IpZjHfMKo8nXYkZI3W6V5-link" class="chakra-linkbox__overlay css-1hnz6hu"><div class="css-i6bazn"><img alt="Sponsored Try New Farmhouse Homestyle Bread" class="chakra-image css-8atqhb" srcset="https://resource.ecdrsvc.com/api/api/7008280/TS6-LDM_2063_FH-ENG-LCL_Advance_Jul2025_Big-Box_ENG_v1/TS6-LDM_2063_FH-ENG-LCL_Advance_Jul2025_Big-Box_ENG.jpg 18.75rem" src="https://resource.ecdrsvc.com/api/api/7008280/TS6-LDM_2063_FH-ENG-LCL_Advance_Jul2025_Big-Box_ENG_v1/TS6-LDM_2063_FH-ENG-LCL_Advance_Jul2025_Big-Box_ENG.jpg?imwidth=18.75rem" loading="eager"></div></a><div class="css-6dd5l1"><p class="chakra-text css-12p7lyj">Sponsored</p></div></article></div></div></section></div></div></div><div class="css-0"><div class="css-18f7ypz"></div><div data-testid="search-result-headline-container" class="css-bk4ecg"><section><div data-testid="with-media-component-1" class="css-0"><article data-testid="iab-9q8jZPCt3XJwPlzy59aU2" class="chakra-linkbox css-kh4702"><a href="/collection/only-in-canada?isPaidCampaign=true" data-testid="iab-9q8jZPCt3XJwPlzy59aU2-link" class="chakra-linkbox__overlay css-1hnz6hu"><div class="css-i6bazn"><img alt="Sponsored Canadian Made Paper Products" class="chakra-image css-8atqhb" srcset="https://resource.ecdrsvc.com/api/api/7007700/onsite-display_PCO_MadeByCanadians_mobile-banner_East_en_v1/onsite-display_PCO_MadeByCanadians_mobile-banner_East_en.jpg 20rem" src="https://resource.ecdrsvc.com/api/api/7007700/onsite-display_PCO_MadeByCanadians_mobile-banner_East_en_v1/onsite-display_PCO_MadeByCanadians_mobile-banner_East_en.jpg?imwidth=20rem" loading="eager"></div></a><div class="css-6dd5l1"><p class="chakra-text css-12p7lyj">Sponsored</p></div></article></div></section><section><div class="chakra-container css-1kxdru8" data-testid="section" id="7CVoaDkLKONWqiCtFLLb77"><div componentid="headerGroupComponent" id="7CVoaDkLKONWqiCtFLLb77" class="css-19ld4rj"><div class="css-j7qwjs"><div class="css-2imjyh"></div><div class="css-1vsufqn"><div class="css-117go8d"><div class="css-1pzcvyn"><h2 class="chakra-heading css-1yycbd9" data-testid="heading">1837 search results for eggs</h2></div></div></div></div></div></div></section></div><div class="css-1o5imin"><div class="css-cg3dyc"></div></div><div class="css-157vu0d"><div class="css-gihc0i"><section><div class="css-0" style="flex: 1 1 0%;"><button type="button" class="chakra-button css-1yzvquy"><svg stroke="currentColor" fill="currentColor" stroke-width="0" viewBox="0 0 24 24" focusable="false" class="chakra-icon css-1roiikw" role="img" aria-hidden="true" height="1em" width="1em" xmlns="http://www.w3.org/2000/svg"><path d="M3 18h18v-2H3v2zm0-5h18v-2H3v2zm0-7v2h18V6H3z"></path></svg><p class="chakra-text css-1mju9w1">Filters</p></button></div></section><section><div class="css-nb7t7f" style="min-width: 49%; justify-content: flex-end;"><div class="css-2wihsd"><label id="sort-by" data-testid="sort-label"><p class="chakra-text css-z8ut2j">Sort</p></label><button data-testid="menu-button" aria-labelledby="sort-by menu-button-:r1:" id="menu-button-:r26:" aria-expanded="false" aria-haspopup="menu" aria-controls="menu-list-:r26:" class="chakra-menu__menu-button css-1h35w7d"><span class="css-xl71ch"><p class="chakra-text css-j4bif7" id="menu-button-:r1:">Relevance</p><svg stroke="currentColor" fill="currentColor" stroke-width="0" viewBox="0 0 24 24" focusable="false" class="chakra-icon css-mj81td" height="1em" width="1em" xmlns="http://www.w3.org/2000/svg"><path d="M16.59 8.59L12 13.17 7.41 8.59 6 10l6 6 6-6z"></path></svg></span></button><div class="css-lnyvlk" style="visibility: hidden; position: absolute; min-width: max-content; inset: 0px auto auto 0px;"><div class="chakra-menu__menu-list css-1uu3y0z" data-testid="menu-list" aria-label="Sort" tabindex="-1" role="menu" id="menu-list-:r26:" aria-orientation="vertical" style="transform-origin: var(--popper-transform-origin); opacity: 0; visibility: hidden; transform: scale(0.8) translateZ(0px);"></div></div></div></div></section></div></div><section><div role="group" aria-label="Quick filters" class="css-2imjyh"><div class="css-p58oka"><div class="css-1gu6m02"><label class="chakra-checkbox css-2lej6t" data-testid="checkbox"><input class="chakra-checkbox__input" type="checkbox" name="Our Brands" value="" style="border: 0px; clip: rect(0px, 0px, 0px, 0px); height: 1px; width: 1px; margin: -1px; padding: 0px; overflow: hidden; white-space: nowrap; position: absolute;"><span class="chakra-checkbox__control css-fqst55" aria-hidden="true"></span><span class="chakra-checkbox__label css-1lcld11">Our Brands</span></label><span tabindex="-1" class="css-0"></span></div><div class="css-1gu6m02"><label class="chakra-checkbox css-2lej6t" data-testid="checkbox"><input class="chakra-checkbox__input" type="checkbox" name="Deals" value="" style="border: 0px; clip: rect(0px, 0px, 0px, 0px); height: 1px; width: 1px; margin: -1px; padding: 0px; overflow: hidden; white-space: nowrap; position: absolute;"><span class="chakra-checkbox__control css-fqst55" aria-hidden="true"></span><span class="chakra-checkbox__label css-1lcld11">Deals</span></label><span tabindex="-1" class="css-0"></span></div><div class="css-1gu6m02"><label class="chakra-checkbox css-2lej6t" data-testid="checkbox"><input class="chakra-checkbox__input" type="checkbox" name="Shop Canadian" value="" style="border: 0px; clip: rect(0px, 0px, 0px, 0px); height: 1px; width: 1px; margin: -1px; padding: 0px; overflow: hidden; white-space: nowrap; position: absolute;"><span class="chakra-checkbox__control css-fqst55" aria-hidden="true"></span><span class="chakra-checkbox__label css-1lcld11">Shop Canadian</span></label><span tabindex="-1" class="css-0"></span></div><div class="css-1gu6m02"><label class="chakra-checkbox css-2lej6t" data-testid="checkbox"><input class="chakra-checkbox__input" type="checkbox" name="Flyer Item" value="" style="border: 0px; clip: rect(0px, 0px, 0px, 0px); height: 1px; width: 1px; margin: -1px; padding: 0px; overflow: hidden; white-space: nowrap; position: absolute;"><span class="chakra-checkbox__control css-fqst55" aria-hidden="true"></span><span class="chakra-checkbox__label css-1lcld11">Flyer Item</span></label><span tabindex="-1" class="css-0"></span></div><div class="css-1gu6m02"><button type="button" class="chakra-button css-undwlk" aria-expanded="false" data-testid="more-filters-button"><svg stroke="currentColor" fill="currentColor" stroke-width="0" viewBox="0 0 24 24" focusable="false" class="chakra-icon css-1roiikw" role="img" aria-hidden="true" height="1em" width="1em" xmlns="http://www.w3.org/2000/svg"><path d="M10 18h4v-2h-4v2zM3 6v2h18V6H3zm3 7h12v-2H6v2z"></path></svg>More filters</button></div></div></div></section><div class="css-1tzg9uf"><section><div data-testid="product-grid-component" class="css-1tjthuk"><div class="css-0"><div class="css-yyn1h"><div class="chakra-linkbox css-yxqevf"><div data-testid="product-image" class="css-1llgc3i"><img alt="Becel Original | Source of Omega-3 and Zero Trans Fat per Serving 850 g, $1.12/100g" class="chakra-image css-14hmzsy" src="https://digital.loblaws.ca/PCX/20297818002_EA/en/1/20297818002_en_front_1200.png" srcset="https://digital.loblaws.ca/PCX/20297818002_EA/en/1/20297818002_en_front_1200.png 1x, https://digital.loblaws.ca/PCX/20297818002_EA/en/1/20297818002_en_front_1200.png 2x" aria-hidden="true" loading="lazy"></div><div class="css-qoklea"><div class="css-12dchmx"><span class="chakra-badge css-1xh83jm" data-testid="product-badge"><div class="css-1jkwq69"><span style="white-space: nowrap; overflow: hidden; text-overflow: ellipsis;">Sponsored</span></div></span></div><div data-testid="price-product-tile" class="css-8atqhb"><p class="chakra-text css-0"><span class="chakra-text css-s9i4ca" data-testid="regular-price">$9.49</span></p></div><a href="/en/original-source-of-omega-3-and-zero-trans-fat-per/p/20297818002_EA?source=sptd" class="chakra-linkbox__overlay css-1hnz6hu"><div class="css-0"><span class="css-idkz9h">Sponsored</span><p class="chakra-text css-1w3cszp" data-testid="product-brand">Becel</p><h3 class="chakra-heading css-1wmnia2" id="20297818002_EA" data-testid="product-title">Original | Source of Omega-3 and Zero Trans Fat per Serving</h3><p class="chakra-text css-1qnxnui" data-testid="product-package-size">850 g, $1.12/100g</p></div></a><div class="css-8keand"></div></div><div class="css-1q5omjq"><div class="css-1j3tjfb"><div data-testid="atc-compact" class="css-195uh0d" style="width: 45px;"><button type="button" class="chakra-button css-pwbt36" data-testid="atc-button"><svg stroke="currentColor" fill="currentColor" stroke-width="0" viewBox="0 0 24 24" focusable="false" class="chakra-icon css-1ibud8c" data-testid="btn-icon" aria-hidden="true" height="1em" width="1em" xmlns="http://www.w3.org/2000/svg"><path d="M19 13h-6v6h-2v-6H5v-2h6V5h2v6h6v2z"></path></svg><span class="css-idkz9h">Add Original | Source of Omega-3 and Zero Trans Fat per Serving to cart</span></button></div></div></div></div></div></div><div class="css-0"><div class="css-yyn1h"><div class="chakra-linkbox css-yxqevf"><div data-testid="product-image" class="css-1llgc3i"><img alt="No Name Large Grade A Eggs 12 ea, $0.33/1ea" class="chakra-image css-14hmzsy" src="https://digital.loblaws.ca/PCX/20812144001_EA/en/1/20812144001_en_front_1200.png" srcset="https://digital.loblaws.ca/PCX/20812144001_EA/en/1/20812144001_en_front_1200.png 1x, https://digital.loblaws.ca/PCX/20812144001_EA/en/1/20812144001_en_front_1200.png 2x" aria-hidden="true" loading="lazy"></div><div class="css-qoklea"><div class="css-12dchmx"><span class="chakra-badge css-3cpk8a" data-testid="product-badge"><div class="css-1jkwq69"><span data-testid="startIcon" class="css-1dhlxa5"><img alt="" class="chakra-image css-1byyo0w" src="https://dis-prod.assetful.loblaw.ca/content/dam/loblaw-companies-limited/creative-assets/pc-optimum/global-list/maple-leaf-red.png" loading="lazy"></span><span style="white-space: nowrap; overflow: hidden; text-overflow: ellipsis;">Prepared in Canada</span></div></span></div><div data-testid="price-product-tile" class="css-8atqhb"><p class="chakra-text css-0"><span class="chakra-text css-s9i4ca" data-testid="regular-price">$3.99</span></p></div><a href="/en/large-grade-a-eggs/p/20812144001_EA?source=nspt" class="chakra-linkbox__overlay css-1hnz6hu"><div class="css-0"><span class="css-idkz9h">Prepared in Canada</span><p class="chakra-text css-1w3cszp" data-testid="product-brand">No Name</p><h3 class="chakra-heading css-1wmnia2" id="20812144001_EA" data-testid="product-title">Large Grade A Eggs</h3><p class="chakra-text css-1qnxnui" data-testid="product-package-size">12 ea, $0.33/1ea</p></div></a><div class="css-8keand"></div></div><div class="css-1q5omjq"><div class="css-1j3tjfb"><div data-testid="atc-compact" class="css-195uh0d" style="width: 45px;"><button type="button" class="chakra-button css-pwbt36" data-testid="atc-button"><svg stroke="currentColor" fill="currentColor" stroke-width="0" viewBox="0 0 24 24" focusable="false" class="chakra-icon css-1ibud8c" data-testid="btn-icon" aria-hidden="true" height="1em" width="1em" xmlns="http://www.w3.org/2000/svg"><path d="M19 13h-6v6h-2v-6H5v-2h6V5h2v6h6v2z"></path></svg><span class="css-idkz9h">Add Large Grade A Eggs to cart</span></button></div></div></div></div></div></div><div class="css-0"><div class="css-yyn1h"><div class="chakra-linkbox css-yxqevf"><div data-testid="product-image" class="css-1llgc3i"><img alt="PC Organics Free-Range Large Brown Eggs, Club Pack (30 Count) 30 ea, $0.58/1ea" class="chakra-image css-14hmzsy" src="https://digital.loblaws.ca/PCX/21205224001_EA/en/1/21205224001_en_front_1200.png" srcset="https://digital.loblaws.ca/PCX/21205224001_EA/en/1/21205224001_en_front_1200.png 1x, https://digital.loblaws.ca/PCX/21205224001_EA/en/1/21205224001_en_front_1200.png 2x" aria-hidden="true" loading="lazy"></div><div class="css-qoklea"><div class="css-12dchmx"><span class="chakra-badge css-3cpk8a" data-testid="product-badge"><div class="css-1jkwq69"><span data-testid="startIcon" class="css-1dhlxa5"><img alt="" class="chakra-image css-1byyo0w" src="https://dis-prod.assetful.loblaw.ca/content/dam/loblaw-companies-limited/creative-assets/pc-optimum/global-list/maple-leaf-red.png" loading="lazy"></span><span style="white-space: nowrap; overflow: hidden; text-overflow: ellipsis;">Prepared in Canada</span></div></span></div><div data-testid="price-product-tile" class="css-8atqhb"><p class="chakra-text css-0"><span class="chakra-text css-s9i4ca" data-testid="regular-price">$17.25</span></p></div><a href="/en/free-range-large-brown-eggs-club-pack-30-count/p/21205224001_EA?source=nspt" class="chakra-linkbox__overlay css-1hnz6hu"><div class="css-0"><span class="css-idkz9h">Prepared in Canada</span><p class="chakra-text css-1w3cszp" data-testid="product-brand">PC Organics</p><h3 class="chakra-heading css-1wmnia2" id="21205224001_EA" data-testid="product-title">Free-Range Large Brown Eggs, Club Pack (30 Count)</h3><p class="chakra-text css-1qnxnui" data-testid="product-package-size">30 ea, $0.58/1ea</p></div></a><div class="css-8keand"></div></div><div class="css-1q5omjq"><div class="css-1j3tjfb"><div data-testid="atc-compact" class="css-195uh0d" style="width: 45px;"><button type="button" class="chakra-button css-pwbt36" data-testid="atc-button"><svg stroke="currentColor" fill="currentColor" stroke-width="0" viewBox="0 0 24 24" focusable="false" class="chakra-icon css-1ibud8c" data-testid="btn-icon" aria-hidden="true" height="1em" width="1em" xmlns="http://www.w3.org/2000/svg"><path d="M19 13h-6v6h-2v-6H5v-2h6V5h2v6h6v2z"></path></svg><span class="css-idkz9h">Add Free-Range Large Brown Eggs, Club Pack (30 Count) to cart</span></button></div></div></div></div></div></div><div class="css-0"><div class="css-yyn1h"><div class="chakra-linkbox css-yxqevf"><div data-testid="product-image" class="css-1llgc3i"><img alt="No Name Grade A Extra Large Eggs 12 ea, $0.39/1ea" class="chakra-image css-14hmzsy" src="https://digital.loblaws.ca/PCX/20812726001_EA/en/1/20812726001_enfr_front_1200.png" srcset="https://digital.loblaws.ca/PCX/20812726001_EA/en/1/20812726001_enfr_front_1200.png 1x, https://digital.loblaws.ca/PCX/20812726001_EA/en/1/20812726001_enfr_front_1200.png 2x" aria-hidden="true" loading="lazy"></div><div class="css-qoklea"><div class="css-12dchmx"></div><div data-testid="price-product-tile" class="css-8atqhb"><p class="chakra-text css-0"><span class="chakra-text css-s9i4ca" data-testid="regular-price">$4.69</span></p></div><a href="/en/grade-a-extra-large-eggs/p/20812726001_EA?source=nspt" class="chakra-linkbox__overlay css-1hnz6hu"><div class="css-0"><p class="chakra-text css-1w3cszp" data-testid="product-brand">No Name</p><h3 class="chakra-heading css-1wmnia2" id="20812726001_EA" data-testid="product-title">Grade A Extra Large Eggs</h3><p class="chakra-text css-1qnxnui" data-testid="product-package-size">12 ea, $0.39/1ea</p></div></a><div class="css-8keand"></div></div><div class="css-1q5omjq"><div class="css-1j3tjfb"><div data-testid="atc-compact" class="css-195uh0d" style="width: 45px;"><button type="button" class="chakra-button css-pwbt36" data-testid="atc-button"><svg stroke="currentColor" fill="currentColor" stroke-width="0" viewBox="0 0 24 24" focusable="false" class="chakra-icon css-1ibud8c" data-testid="btn-icon" aria-hidden="true" height="1em" width="1em" xmlns="http://www.w3.org/2000/svg"><path d="M19 13h-6v6h-2v-6H5v-2h6V5h2v6h6v2z"></path></svg><span class="css-idkz9h">Add Grade A Extra Large Eggs to cart</span></button></div></div></div></div></div></div><div class="css-0"><div class="css-yyn1h"><div class="chakra-linkbox css-yxqevf"><div data-testid="product-image" class="css-1llgc3i"><img alt="Burnbrae Farms Naturegg Omega Plus White Eggs, Large 12 ea, $0.54/1ea" class="chakra-image css-14hmzsy" src="https://digital.loblaws.ca/PCX/20815787001_EA/en/1/20815787001_en_front_1200.png" srcset="https://digital.loblaws.ca/PCX/20815787001_EA/en/1/20815787001_en_front_1200.png 1x, https://digital.loblaws.ca/PCX/20815787001_EA/en/1/20815787001_en_front_1200.png 2x" aria-hidden="true" loading="lazy"></div><div class="css-qoklea"><div class="css-12dchmx"><span class="chakra-badge css-3cpk8a" data-testid="product-badge"><div class="css-1jkwq69"><span data-testid="startIcon" class="css-1dhlxa5"><img alt="" class="chakra-image css-1byyo0w" src="https://dis-prod.assetful.loblaw.ca/content/dam/loblaw-companies-limited/creative-assets/pc-optimum/global-list/maple-leaf-red.png" loading="lazy"></span><span style="white-space: nowrap; overflow: hidden; text-overflow: ellipsis;">Prepared in Canada</span></div></span></div><div data-testid="price-product-tile" class="css-8atqhb"><p class="chakra-text css-0"><span class="chakra-text css-1u2vzcm" data-testid="sale-price"><span class="css-idkz9h">sale</span>$6.50</span><span class="chakra-text css-laxlzt" data-testid="was-price"><span class="css-idkz9h">was</span>$7.15</span></p><p class="chakra-text css-1wb7jtr" data-testid="price-descriptor">SAVE $0.65</p></div><a href="/en/naturegg-omega-plus-white-eggs-large/p/20815787001_EA?source=nspt" class="chakra-linkbox__overlay css-1hnz6hu"><div class="css-0"><span class="css-idkz9h">Prepared in Canada</span><p class="chakra-text css-1w3cszp" data-testid="product-brand">Burnbrae Farms</p><h3 class="chakra-heading css-1wmnia2" id="20815787001_EA" data-testid="product-title">Naturegg Omega Plus White Eggs, Large</h3><p class="chakra-text css-1qnxnui" data-testid="product-package-size">12 ea, $0.54/1ea</p></div></a><div class="css-8keand"></div></div><div class="css-1q5omjq"><div class="css-1j3tjfb"><div data-testid="atc-compact" class="css-195uh0d" style="width: 45px;"><button type="button" class="chakra-button css-pwbt36" data-testid="atc-button"><svg stroke="currentColor" fill="currentColor" stroke-width="0" viewBox="0 0 24 24" focusable="false" class="chakra-icon css-1ibud8c" data-testid="btn-icon" aria-hidden="true" height="1em" width="1em" xmlns="http://www.w3.org/2000/svg"><path d="M19 13h-6v6h-2v-6H5v-2h6V5h2v6h6v2z"></path></svg><span class="css-idkz9h">Add Naturegg Omega Plus White Eggs, Large to cart</span></button></div></div></div></div></div></div><div class="css-0"><div class="css-yyn1h"><div class="chakra-linkbox css-yxqevf"><div data-testid="product-image" class="css-1llgc3i"><img alt="President's Choice Free Run Brown Eggs Large 12 ea, $0.60/1ea" class="chakra-image css-14hmzsy" src="https://digital.loblaws.ca/PCX/20813628001_EA/en/1/20813628001_en_front_1200.png" srcset="https://digital.loblaws.ca/PCX/20813628001_EA/en/1/20813628001_en_front_1200.png 1x, https://digital.loblaws.ca/PCX/20813628001_EA/en/1/20813628001_en_front_1200.png 2x" aria-hidden="true" loading="lazy"></div><div class="css-qoklea"><div class="css-12dchmx"><span class="chakra-badge css-3cpk8a" data-testid="product-badge"><div class="css-1jkwq69"><span data-testid="startIcon" class="css-1dhlxa5"><img alt="" class="chakra-image css-1byyo0w" src="https://dis-prod.assetful.loblaw.ca/content/dam/loblaw-companies-limited/creative-assets/pc-optimum/global-list/maple-leaf-red.png" loading="lazy"></span><span style="white-space: nowrap; overflow: hidden; text-overflow: ellipsis;">Prepared in Canada</span></div></span></div><div data-testid="price-product-tile" class="css-8atqhb"><p class="chakra-text css-0"><span class="chakra-text css-s9i4ca" data-testid="regular-price">$7.15</span></p></div><a href="/en/free-run-brown-eggs-large/p/20813628001_EA?source=nspt" class="chakra-linkbox__overlay css-1hnz6hu"><div class="css-0"><span class="css-idkz9h">Prepared in Canada</span><p class="chakra-text css-1w3cszp" data-testid="product-brand">President's Choice</p><h3 class="chakra-heading css-1wmnia2" id="20813628001_EA" data-testid="product-title">Free Run Brown Eggs Large</h3><p class="chakra-text css-1qnxnui" data-testid="product-package-size">12 ea, $0.60/1ea</p></div></a><div class="css-8keand"></div></div><div class="css-1q5omjq"><div class="css-1j3tjfb"><div data-testid="atc-compact" class="css-195uh0d" style="width: 45px;"><button type="button" class="chakra-button css-pwbt36" data-testid="atc-button"><svg stroke="currentColor" fill="currentColor" stroke-width="0" viewBox="0 0 24 24" focusable="false" class="chakra-icon css-1ibud8c" data-testid="btn-icon" aria-hidden="true" height="1em" width="1em" xmlns="http://www.w3.org/2000/svg"><path d="M19 13h-6v6h-2v-6H5v-2h6V5h2v6h6v2z"></path></svg><span class="css-idkz9h">Add Free Run Brown Eggs Large to cart</span></button></div></div></div></div></div></div><div class="css-0"><div class="css-yyn1h"><div class="chakra-linkbox css-yxqevf"><div data-testid="product-image" class="css-1llgc3i"><img alt="Burnbrae Farms Grade A Large Eggs 18 ea, $0.40/1ea" class="chakra-image css-14hmzsy" src="https://digital.loblaws.ca/PCX/20814294001_EA/en/1/6565100001_enfr_front_centre_marketing_GS1_Ecommerce_1200.png" srcset="https://digital.loblaws.ca/PCX/20814294001_EA/en/1/6565100001_enfr_front_centre_marketing_GS1_Ecommerce_1200.png 1x, https://digital.loblaws.ca/PCX/20814294001_EA/en/1/6565100001_enfr_front_centre_marketing_GS1_Ecommerce_1200.png 2x" aria-hidden="true" loading="lazy"></div><div class="css-qoklea"><div class="css-12dchmx"></div><div data-testid="price-product-tile" class="css-8atqhb"><p class="chakra-text css-0"><span class="chakra-text css-s9i4ca" data-testid="regular-price">$7.24</span></p></div><a href="/en/grade-a-large-eggs/p/20814294001_EA?source=nspt" class="chakra-linkbox__overlay css-1hnz6hu"><div class="css-0"><p class="chakra-text css-1w3cszp" data-testid="product-brand">Burnbrae Farms</p><h3 class="chakra-heading css-1wmnia2" id="20814294001_EA" data-testid="product-title">Grade A Large Eggs</h3><p class="chakra-text css-1qnxnui" data-testid="product-package-size">18 ea, $0.40/1ea</p></div></a><div class="css-8keand"></div></div><div class="css-1q5omjq"><div class="css-1j3tjfb"><div data-testid="atc-compact" class="css-195uh0d" style="width: 45px;"><button type="button" class="chakra-button css-pwbt36" data-testid="atc-button"><svg stroke="currentColor" fill="currentColor" stroke-width="0" viewBox="0 0 24 24" focusable="false" class="chakra-icon css-1ibud8c" data-testid="btn-icon" aria-hidden="true" height="1em" width="1em" xmlns="http://www.w3.org/2000/svg"><path d="M19 13h-6v6h-2v-6H5v-2h6V5h2v6h6v2z"></path></svg><span class="css-idkz9h">Add Grade A Large Eggs to cart</span></button></div></div></div></div></div></div><div class="css-0"><div class="css-yyn1h"><div class="chakra-linkbox css-yxqevf"><div data-testid="product-image" class="css-1llgc3i"><img alt="No Name Eggs, Medium 30 ea, $0.32/1ea" class="chakra-image css-14hmzsy" src="https://digital.loblaws.ca/PCX/21685186001_EA/en/1/21685186001_en_front_1200.png" srcset="https://digital.loblaws.ca/PCX/21685186001_EA/en/1/21685186001_en_front_1200.png 1x, https://digital.loblaws.ca/PCX/21685186001_EA/en/1/21685186001_en_front_1200.png 2x" aria-hidden="true" loading="lazy"></div><div class="css-qoklea"><div class="css-12dchmx"><span class="chakra-badge css-1143hxx" data-testid="product-badge"><div class="css-1jkwq69"><span style="white-space: nowrap; overflow: hidden; text-overflow: ellipsis;">New</span></div></span></div><div data-testid="price-product-tile" class="css-8atqhb"><p class="chakra-text css-0"><span class="chakra-text css-s9i4ca" data-testid="regular-price">$9.52</span></p></div><a href="/en/eggs-medium/p/21685186001_EA?source=nspt" class="chakra-linkbox__overlay css-1hnz6hu"><div class="css-0"><span class="css-idkz9h">New</span><p class="chakra-text css-1w3cszp" data-testid="product-brand">No Name</p><h3 class="chakra-heading css-1wmnia2" id="21685186001_EA" data-testid="product-title">Eggs, Medium</h3><p class="chakra-text css-1qnxnui" data-testid="product-package-size">30 ea, $0.32/1ea</p></div></a><div class="css-8keand"></div></div><div class="css-1q5omjq"><div class="css-1j3tjfb"><div data-testid="atc-compact" class="css-195uh0d" style="width: 45px;"><button type="button" class="chakra-button css-pwbt36" data-testid="atc-button"><svg stroke="currentColor" fill="currentColor" stroke-width="0" viewBox="0 0 24 24" focusable="false" class="chakra-icon css-1ibud8c" data-testid="btn-icon" aria-hidden="true" height="1em" width="1em" xmlns="http://www.w3.org/2000/svg"><path d="M19 13h-6v6h-2v-6H5v-2h6V5h2v6h6v2z"></path></svg><span class="css-idkz9h">Add Eggs, Medium to cart</span></button></div></div></div></div></div></div><div class="css-0"><div class="css-yyn1h"><div class="chakra-linkbox css-yxqevf"><div data-testid="product-image" class="css-1llgc3i"><img alt="PC Organics Free Range Large Brown Eggs 12 ea, $0.66/1ea" class="chakra-image css-14hmzsy" src="https://digital.loblaws.ca/PCX/20813711001_EA/en/1/20813711001_en_front_1200.png" srcset="https://digital.loblaws.ca/PCX/20813711001_EA/en/1/20813711001_en_front_1200.png 1x, https://digital.loblaws.ca/PCX/20813711001_EA/en/1/20813711001_en_front_1200.png 2x" aria-hidden="true" loading="lazy"></div><div class="css-qoklea"><div class="css-12dchmx"><span class="chakra-badge css-3cpk8a" data-testid="product-badge"><div class="css-1jkwq69"><span data-testid="startIcon" class="css-1dhlxa5"><img alt="" class="chakra-image css-1byyo0w" src="https://dis-prod.assetful.loblaw.ca/content/dam/loblaw-companies-limited/creative-assets/pc-optimum/global-list/maple-leaf-red.png" loading="lazy"></span><span style="white-space: nowrap; overflow: hidden; text-overflow: ellipsis;">Prepared in Canada</span></div></span></div><div data-testid="price-product-tile" class="css-8atqhb"><p class="chakra-text css-0"><span class="chakra-text css-s9i4ca" data-testid="regular-price">$7.89</span></p></div><a href="/en/free-range-large-brown-eggs/p/20813711001_EA?source=nspt" class="chakra-linkbox__overlay css-1hnz6hu"><div class="css-0"><span class="css-idkz9h">Prepared in Canada</span><p class="chakra-text css-1w3cszp" data-testid="product-brand">PC Organics</p><h3 class="chakra-heading css-1wmnia2" id="20813711001_EA" data-testid="product-title">Free Range Large Brown Eggs</h3><p class="chakra-text css-1qnxnui" data-testid="product-package-size">12 ea, $0.66/1ea</p></div></a><div class="css-8keand"></div></div><div class="css-1q5omjq"><div class="css-1j3tjfb"><div data-testid="atc-compact" class="css-195uh0d" style="width: 45px;"><button type="button" class="chakra-button css-pwbt36" data-testid="atc-button"><svg stroke="currentColor" fill="currentColor" stroke-width="0" viewBox="0 0 24 24" focusable="false" class="chakra-icon css-1ibud8c" data-testid="btn-icon" aria-hidden="true" height="1em" width="1em" xmlns="http://www.w3.org/2000/svg"><path d="M19 13h-6v6h-2v-6H5v-2h6V5h2v6h6v2z"></path></svg><span class="css-idkz9h">Add Free Range Large Brown Eggs to cart</span></button></div></div></div></div></div></div><div class="css-0"><div class="css-yyn1h"><div class="chakra-linkbox css-yxqevf"><div data-testid="product-image" class="css-1llgc3i"><img alt="Kelloggs Eggo Original Waffles, 8 waffles 280 g, $1.60/100g" class="chakra-image css-14hmzsy" src="https://digital.loblaws.ca/PCX/20302779_EA/en/1/20302779_en_front_1200.png" srcset="https://digital.loblaws.ca/PCX/20302779_EA/en/1/20302779_en_front_1200.png 1x, https://digital.loblaws.ca/PCX/20302779_EA/en/1/20302779_en_front_1200.png 2x" aria-hidden="true" loading="lazy"></div><div class="css-qoklea"><div class="css-12dchmx"></div><div data-testid="price-product-tile" class="css-8atqhb"><p class="chakra-text css-0"><span class="chakra-text css-1u2vzcm" data-testid="sale-price"><span class="css-idkz9h">sale</span>$4.00 MIN 2</span></p><p class="chakra-text css-0"><span class="chakra-text css-pylrph" data-testid="non-members-price">$4.49</span><span class="chakra-text css-17dnrjv" data-testid="was-price"><span class="css-idkz9h">was</span></span></p></div><a href="/en/eggo-original-waffles-8-waffles/p/20302779_EA?source=nspt" class="chakra-linkbox__overlay css-1hnz6hu"><div class="css-0"><p class="chakra-text css-1w3cszp" data-testid="product-brand">Kelloggs</p><h3 class="chakra-heading css-1wmnia2" id="20302779_EA" data-testid="product-title">Eggo Original Waffles, 8 waffles</h3><p class="chakra-text css-1qnxnui" data-testid="product-package-size">280 g, $1.60/100g</p></div></a><div class="css-8keand"><button type="button" class="chakra-button css-hg6htt" data-testid="promotion-cta">Shop Offer<span class="chakra-button__icon css-1hzyiq5"><svg stroke="currentColor" fill="currentColor" stroke-width="0" viewBox="0 0 24 24" color="#e1251b" aria-hidden="true" focusable="false" height="1rem" width="1rem" xmlns="http://www.w3.org/2000/svg" style="color: rgb(225, 37, 27);"><path d="M10 6L8.59 7.41 13.17 12l-4.58 4.59L10 18l6-6z"></path></svg></span></button></div></div><div class="css-1q5omjq"><div class="css-1j3tjfb"><div data-testid="atc-compact" class="css-195uh0d" style="width: 45px;"><button type="button" class="chakra-button css-pwbt36" data-testid="atc-button"><svg stroke="currentColor" fill="currentColor" stroke-width="0" viewBox="0 0 24 24" focusable="false" class="chakra-icon css-1ibud8c" data-testid="btn-icon" aria-hidden="true" height="1em" width="1em" xmlns="http://www.w3.org/2000/svg"><path d="M19 13h-6v6h-2v-6H5v-2h6V5h2v6h6v2z"></path></svg><span class="css-idkz9h">Add Eggo Original Waffles, 8 waffles to cart</span></button></div></div></div></div></div></div><div class="css-0"><div class="css-yyn1h"><div class="chakra-linkbox css-yxqevf"><div data-testid="product-image" class="css-1llgc3i"><img alt="No Name Grade A Large Brown Eggs 12 ea, $0.52/1ea" class="chakra-image css-14hmzsy" src="https://digital.loblaws.ca/PCX/20813936001_EA/en/1/20813936001_en_front_1200.png" srcset="https://digital.loblaws.ca/PCX/20813936001_EA/en/1/20813936001_en_front_1200.png 1x, https://digital.loblaws.ca/PCX/20813936001_EA/en/1/20813936001_en_front_1200.png 2x" aria-hidden="true" loading="lazy"></div><div class="css-qoklea"><div class="css-12dchmx"></div><div data-testid="price-product-tile" class="css-8atqhb"><p class="chakra-text css-0"><span class="chakra-text css-s9i4ca" data-testid="regular-price">$6.29</span></p></div><a href="/en/grade-a-large-brown-eggs/p/20813936001_EA?source=nspt" class="chakra-linkbox__overlay css-1hnz6hu"><div class="css-0"><p class="chakra-text css-1w3cszp" data-testid="product-brand">No Name</p><h3 class="chakra-heading css-1wmnia2" id="20813936001_EA" data-testid="product-title">Grade A Large Brown Eggs</h3><p class="chakra-text css-1qnxnui" data-testid="product-package-size">12 ea, $0.52/1ea</p></div></a><div class="css-8keand"></div></div><div class="css-1q5omjq"><div class="css-1j3tjfb"><div data-testid="atc-compact" class="css-195uh0d" style="width: 45px;"><button type="button" class="chakra-button css-pwbt36" data-testid="atc-button"><svg stroke="currentColor" fill="currentColor" stroke-width="0" viewBox="0 0 24 24" focusable="false" class="chakra-icon css-1ibud8c" data-testid="btn-icon" aria-hidden="true" height="1em" width="1em" xmlns="http://www.w3.org/2000/svg"><path d="M19 13h-6v6h-2v-6H5v-2h6V5h2v6h6v2z"></path></svg><span class="css-idkz9h">Add Grade A Large Brown Eggs to cart</span></button></div></div></div></div></div></div><div class="css-0"><div class="css-1gg1pr0"><span class="css-idkz9h">You might like</span><div class="chakra-linkbox css-yxqevf"><div data-testid="product-image" class="css-1llgc3i"><img alt="Schneiders Thick Cut Fully Cooked Bacon 100 g, $10.00/100g" class="chakra-image css-14hmzsy" src="https://digital.loblaws.ca/PCX/21669805_EA/en/1/21669805_en_front_1200.png" srcset="https://digital.loblaws.ca/PCX/21669805_EA/en/1/21669805_en_front_1200.png 1x, https://digital.loblaws.ca/PCX/21669805_EA/en/1/21669805_en_front_1200.png 2x" aria-hidden="true" loading="lazy"></div><div class="css-qoklea"><div class="css-12dchmx"><span class="chakra-badge css-1xh83jm" data-testid="product-badge"><div class="css-1jkwq69"><span style="white-space: nowrap; overflow: hidden; text-overflow: ellipsis;">Sponsored</span></div></span></div><div data-testid="price-product-tile" class="css-8atqhb"><p class="chakra-text css-0"><span class="chakra-text css-s9i4ca" data-testid="regular-price">$10.00</span></p></div><a href="/en/thick-cut-fully-cooked-bacon/p/21669805_EA?source=sptc" class="chakra-linkbox__overlay css-1hnz6hu"><div class="css-0"><span class="css-idkz9h">Sponsored</span><p class="chakra-text css-1w3cszp" data-testid="product-brand">Schneiders</p><h3 class="chakra-heading css-1wmnia2" id="21669805_EA" data-testid="product-title">Thick Cut Fully Cooked Bacon</h3><p class="chakra-text css-1qnxnui" data-testid="product-package-size">100 g, $10.00/100g</p></div></a><div class="css-8keand"></div></div><div class="css-1q5omjq"><div class="css-1j3tjfb"><div data-testid="atc-compact" class="css-195uh0d" style="width: 45px;"><button type="button" class="chakra-button css-pwbt36" data-testid="atc-button"><svg stroke="currentColor" fill="currentColor" stroke-width="0" viewBox="0 0 24 24" focusable="false" class="chakra-icon css-1ibud8c" data-testid="btn-icon" aria-hidden="true" height="1em" width="1em" xmlns="http://www.w3.org/2000/svg"><path d="M19 13h-6v6h-2v-6H5v-2h6V5h2v6h6v2z"></path></svg><span class="css-idkz9h">Add Thick Cut Fully Cooked Bacon to cart</span></button></div></div></div></div><div data-testid="rmp-product" class="css-1qrama"><p class="chakra-text css-m8vflk" aria-hidden="true">You might like</p></div></div></div><div class="css-0"><div class="css-yyn1h"><div class="chakra-linkbox css-yxqevf"><div data-testid="product-image" class="css-1llgc3i"><img alt="Kelloggs Eggo Original Waffles, 16 waffles 560 g, $0.89/100g" class="chakra-image css-14hmzsy" src="https://digital.loblaws.ca/PCX/20099730004_EA/en/1/20099730004_en_front_1200.png" srcset="https://digital.loblaws.ca/PCX/20099730004_EA/en/1/20099730004_en_front_1200.png 1x, https://digital.loblaws.ca/PCX/20099730004_EA/en/1/20099730004_en_front_1200.png 2x" aria-hidden="true" loading="lazy"></div><div class="css-qoklea"><div class="css-12dchmx"></div><div data-testid="price-product-tile" class="css-8atqhb"><p class="chakra-text css-0"><span class="chakra-text css-1u2vzcm" data-testid="sale-price"><span class="css-idkz9h">sale</span>$5.00</span><span class="chakra-text css-laxlzt" data-testid="was-price"><span class="css-idkz9h">was</span>$7.99</span></p><p class="chakra-text css-1wb7jtr" data-testid="price-descriptor">SAVE $2.99</p></div><a href="/en/eggo-original-waffles-16-waffles/p/20099730004_EA?source=nspt" class="chakra-linkbox__overlay css-1hnz6hu"><div class="css-0"><p class="chakra-text css-1w3cszp" data-testid="product-brand">Kelloggs</p><h3 class="chakra-heading css-1wmnia2" id="20099730004_EA" data-testid="product-title">Eggo Original Waffles, 16 waffles</h3><p class="chakra-text css-1qnxnui" data-testid="product-package-size">560 g, $0.89/100g</p></div></a><div class="css-8keand"></div></div><div class="css-1q5omjq"><div class="css-1j3tjfb"><div data-testid="atc-compact" class="css-195uh0d" style="width: 45px;"><button type="button" class="chakra-button css-pwbt36" data-testid="atc-button"><svg stroke="currentColor" fill="currentColor" stroke-width="0" viewBox="0 0 24 24" focusable="false" class="chakra-icon css-1ibud8c" data-testid="btn-icon" aria-hidden="true" height="1em" width="1em" xmlns="http://www.w3.org/2000/svg"><path d="M19 13h-6v6h-2v-6H5v-2h6V5h2v6h6v2z"></path></svg><span class="css-idkz9h">Add Eggo Original Waffles, 16 waffles to cart</span></button></div></div></div></div></div></div><div class="css-0"><div class="css-1gg1pr0"><span class="css-idkz9h">You might like</span><div class="chakra-linkbox css-yxqevf"><div data-testid="product-image" class="css-1llgc3i"><img alt="Armstrong Nibblers Smokey Bacon Natural Cheese Snacks 200 g, $2.50/100g" class="chakra-image css-14hmzsy" src="https://digital.loblaws.ca/PCX/21540213_EA/en/1/21540213_en_front_1200.png" srcset="https://digital.loblaws.ca/PCX/21540213_EA/en/1/21540213_en_front_1200.png 1x, https://digital.loblaws.ca/PCX/21540213_EA/en/1/21540213_en_front_1200.png 2x" aria-hidden="true" loading="lazy"></div><div class="css-qoklea"><div class="css-12dchmx"><span class="chakra-badge css-1xh83jm" data-testid="product-badge"><div class="css-1jkwq69"><span style="white-space: nowrap; overflow: hidden; text-overflow: ellipsis;">Sponsored</span></div></span></div><div data-testid="price-product-tile" class="css-8atqhb"><p class="chakra-text css-0"><span class="chakra-text css-s9i4ca" data-testid="regular-price">$5.00</span></p></div><a href="/en/nibblers-smokey-bacon-natural-cheese-snacks/p/21540213_EA?source=sptc" class="chakra-linkbox__overlay css-1hnz6hu"><div class="css-0"><span class="css-idkz9h">Sponsored</span><p class="chakra-text css-1w3cszp" data-testid="product-brand">Armstrong</p><h3 class="chakra-heading css-1wmnia2" id="21540213_EA" data-testid="product-title">Nibblers Smokey Bacon Natural Cheese Snacks</h3><p class="chakra-text css-1qnxnui" data-testid="product-package-size">200 g, $2.50/100g</p></div></a><div class="css-8keand"></div></div><div class="css-1q5omjq"><div class="css-1j3tjfb"><div data-testid="atc-compact" class="css-195uh0d" style="width: 45px;"><button type="button" class="chakra-button css-pwbt36" data-testid="atc-button"><svg stroke="currentColor" fill="currentColor" stroke-width="0" viewBox="0 0 24 24" focusable="false" class="chakra-icon css-1ibud8c" data-testid="btn-icon" aria-hidden="true" height="1em" width="1em" xmlns="http://www.w3.org/2000/svg"><path d="M19 13h-6v6h-2v-6H5v-2h6V5h2v6h6v2z"></path></svg><span class="css-idkz9h">Add Nibblers Smokey Bacon Natural Cheese Snacks to cart</span></button></div></div></div></div><div data-testid="rmp-product" class="css-1qrama"><p class="chakra-text css-m8vflk" aria-hidden="true">You might like</p></div></div></div><div class="css-0"><div class="css-yyn1h"><div class="chakra-linkbox css-yxqevf"><div data-testid="product-image" class="css-1llgc3i"><img alt="Burnbrae Farms Naturegg Nest Laid White Eggs, Large 12 ea, $0.46/1ea" class="chakra-image css-14hmzsy" src="https://digital.loblaws.ca/PCX/20816075001_EA/en/1/20816075001_en_front_1200.png" srcset="https://digital.loblaws.ca/PCX/20816075001_EA/en/1/20816075001_en_front_1200.png 1x, https://digital.loblaws.ca/PCX/20816075001_EA/en/1/20816075001_en_front_1200.png 2x" aria-hidden="true" loading="lazy"></div><div class="css-qoklea"><div class="css-12dchmx"><span class="chakra-badge css-3cpk8a" data-testid="product-badge"><div class="css-1jkwq69"><span data-testid="startIcon" class="css-1dhlxa5"><img alt="" class="chakra-image css-1byyo0w" src="https://dis-prod.assetful.loblaw.ca/content/dam/loblaw-companies-limited/creative-assets/pc-optimum/global-list/maple-leaf-red.png" loading="lazy"></span><span style="white-space: nowrap; overflow: hidden; text-overflow: ellipsis;">Prepared in Canada</span></div></span></div><div data-testid="price-product-tile" class="css-8atqhb"><p class="chakra-text css-0"><span class="chakra-text css-1u2vzcm" data-testid="sale-price"><span class="css-idkz9h">sale</span>$5.50</span><span class="chakra-text css-laxlzt" data-testid="was-price"><span class="css-idkz9h">was</span>$6.15</span></p><p class="chakra-text css-1wb7jtr" data-testid="price-descriptor">SAVE $0.65</p></div><a href="/en/naturegg-nest-laid-white-eggs-large/p/20816075001_EA?source=nspt" class="chakra-linkbox__overlay css-1hnz6hu"><div class="css-0"><span class="css-idkz9h">Prepared in Canada</span><p class="chakra-text css-1w3cszp" data-testid="product-brand">Burnbrae Farms</p><h3 class="chakra-heading css-1wmnia2" id="20816075001_EA" data-testid="product-title">Naturegg Nest Laid White Eggs, Large</h3><p class="chakra-text css-1qnxnui" data-testid="product-package-size">12 ea, $0.46/1ea</p></div></a><div class="css-8keand"></div></div><div class="css-1q5omjq"><div class="css-1j3tjfb"><div data-testid="atc-compact" class="css-195uh0d" style="width: 45px;"><button type="button" class="chakra-button css-pwbt36" data-testid="atc-button"><svg stroke="currentColor" fill="currentColor" stroke-width="0" viewBox="0 0 24 24" focusable="false" class="chakra-icon css-1ibud8c" data-testid="btn-icon" aria-hidden="true" height="1em" width="1em" xmlns="http://www.w3.org/2000/svg"><path d="M19 13h-6v6h-2v-6H5v-2h6V5h2v6h6v2z"></path></svg><span class="css-idkz9h">Add Naturegg Nest Laid White Eggs, Large to cart</span></button></div></div></div></div></div></div></div></section><section></section><section><div data-testid="product-grid-component" class="css-1tjthuk"><div class="css-0"><div class="css-yyn1h"><div class="chakra-linkbox css-yxqevf"><div data-testid="product-image" class="css-1llgc3i"><img alt="Burnbrae Farms Organic Free Range Eggs, 18 Eggs 18 ea, $0.64/1ea" class="chakra-image css-14hmzsy" src="https://digital.loblaws.ca/PCX/21572055001_EA/en/1/6565102257_enfr_front_centre_marketing_GS1_Ecommerce_1200.png" srcset="https://digital.loblaws.ca/PCX/21572055001_EA/en/1/6565102257_enfr_front_centre_marketing_GS1_Ecommerce_1200.png 1x, https://digital.loblaws.ca/PCX/21572055001_EA/en/1/6565102257_enfr_front_centre_marketing_GS1_Ecommerce_1200.png 2x" aria-hidden="true" loading="lazy"></div><div class="css-qoklea"><div class="css-12dchmx"><span class="chakra-badge css-3cpk8a" data-testid="product-badge"><div class="css-1jkwq69"><span data-testid="startIcon" class="css-1dhlxa5"><img alt="" class="chakra-image css-1byyo0w" src="https://dis-prod.assetful.loblaw.ca/content/dam/loblaw-companies-limited/creative-assets/pc-optimum/global-list/maple-leaf-red.png" loading="lazy"></span><span style="white-space: nowrap; overflow: hidden; text-overflow: ellipsis;">Prepared in Canada</span></div></span></div><div data-testid="price-product-tile" class="css-8atqhb"><p class="chakra-text css-0"><span class="chakra-text css-s9i4ca" data-testid="regular-price">$11.55</span></p></div><a href="/en/organic-free-range-eggs-18-eggs/p/21572055001_EA?source=nspt" class="chakra-linkbox__overlay css-1hnz6hu"><div class="css-0"><span class="css-idkz9h">Prepared in Canada</span><p class="chakra-text css-1w3cszp" data-testid="product-brand">Burnbrae Farms</p><h3 class="chakra-heading css-1wmnia2" id="21572055001_EA" data-testid="product-title">Organic Free Range Eggs, 18 Eggs</h3><p class="chakra-text css-1qnxnui" data-testid="product-package-size">18 ea, $0.64/1ea</p></div></a><div class="css-8keand"></div></div><div class="css-1q5omjq"><div class="css-1j3tjfb"><div data-testid="atc-compact" class="css-195uh0d" style="width: 45px;"><button type="button" class="chakra-button css-pwbt36" data-testid="atc-button"><svg stroke="currentColor" fill="currentColor" stroke-width="0" viewBox="0 0 24 24" focusable="false" class="chakra-icon css-1ibud8c" data-testid="btn-icon" aria-hidden="true" height="1em" width="1em" xmlns="http://www.w3.org/2000/svg"><path d="M19 13h-6v6h-2v-6H5v-2h6V5h2v6h6v2z"></path></svg><span class="css-idkz9h">Add Organic Free Range Eggs, 18 Eggs to cart</span></button></div></div></div></div></div></div><div class="css-0"><div class="css-yyn1h"><div class="chakra-linkbox css-yxqevf"><div data-testid="product-image" class="css-1llgc3i"><img alt="Kelloggs Eggo Waffles Blueberry Flavour 280 g, $1.60/100g" class="chakra-image css-14hmzsy" src="https://digital.loblaws.ca/PCX/20323436001_EA/en/1/20323436001_en_front_1200.png" srcset="https://digital.loblaws.ca/PCX/20323436001_EA/en/1/20323436001_en_front_1200.png 1x, https://digital.loblaws.ca/PCX/20323436001_EA/en/1/20323436001_en_front_1200.png 2x" aria-hidden="true" loading="lazy"></div><div class="css-qoklea"><div class="css-12dchmx"></div><div data-testid="price-product-tile" class="css-8atqhb"><p class="chakra-text css-0"><span class="chakra-text css-1u2vzcm" data-testid="sale-price"><span class="css-idkz9h">sale</span>$4.00 MIN 2</span></p><p class="chakra-text css-0"><span class="chakra-text css-pylrph" data-testid="non-members-price">$4.49</span><span class="chakra-text css-17dnrjv" data-testid="was-price"><span class="css-idkz9h">was</span></span></p></div><a href="/en/eggo-waffles-blueberry-flavour/p/20323436001_EA?source=nspt" class="chakra-linkbox__overlay css-1hnz6hu"><div class="css-0"><p class="chakra-text css-1w3cszp" data-testid="product-brand">Kelloggs</p><h3 class="chakra-heading css-1wmnia2" id="20323436001_EA" data-testid="product-title">Eggo Waffles Blueberry Flavour</h3><p class="chakra-text css-1qnxnui" data-testid="product-package-size">280 g, $1.60/100g</p></div></a><div class="css-8keand"><button type="button" class="chakra-button css-hg6htt" data-testid="promotion-cta">Shop Offer<span class="chakra-button__icon css-1hzyiq5"><svg stroke="currentColor" fill="currentColor" stroke-width="0" viewBox="0 0 24 24" color="#e1251b" aria-hidden="true" focusable="false" height="1rem" width="1rem" xmlns="http://www.w3.org/2000/svg" style="color: rgb(225, 37, 27);"><path d="M10 6L8.59 7.41 13.17 12l-4.58 4.59L10 18l6-6z"></path></svg></span></button></div></div><div class="css-1q5omjq"><div class="css-1j3tjfb"><div data-testid="atc-compact" class="css-195uh0d" style="width: 45px;"><button type="button" class="chakra-button css-pwbt36" data-testid="atc-button"><svg stroke="currentColor" fill="currentColor" stroke-width="0" viewBox="0 0 24 24" focusable="false" class="chakra-icon css-1ibud8c" data-testid="btn-icon" aria-hidden="true" height="1em" width="1em" xmlns="http://www.w3.org/2000/svg"><path d="M19 13h-6v6h-2v-6H5v-2h6V5h2v6h6v2z"></path></svg><span class="css-idkz9h">Add Eggo Waffles Blueberry Flavour to cart</span></button></div></div></div></div></div></div><div class="css-0"><div class="css-yyn1h"><div class="chakra-linkbox css-yxqevf"><div data-testid="product-image" class="css-1llgc3i"><img alt="Kelloggs Eggo Waffles, Chocolatey Chip 280 g, $1.60/100g" class="chakra-image css-14hmzsy" src="https://digital.loblaws.ca/PCX/20323436002_EA/en/1/20323436002_en_front_1200.png" srcset="https://digital.loblaws.ca/PCX/20323436002_EA/en/1/20323436002_en_front_1200.png 1x, https://digital.loblaws.ca/PCX/20323436002_EA/en/1/20323436002_en_front_1200.png 2x" aria-hidden="true" loading="lazy"></div><div class="css-qoklea"><div class="css-12dchmx"></div><div data-testid="price-product-tile" class="css-8atqhb"><p class="chakra-text css-0"><span class="chakra-text css-1u2vzcm" data-testid="sale-price"><span class="css-idkz9h">sale</span>$4.00 MIN 2</span></p><p class="chakra-text css-0"><span class="chakra-text css-pylrph" data-testid="non-members-price">$4.49</span><span class="chakra-text css-17dnrjv" data-testid="was-price"><span class="css-idkz9h">was</span></span></p></div><a href="/en/eggo-waffles-chocolatey-chip/p/20323436002_EA?source=nspt" class="chakra-linkbox__overlay css-1hnz6hu"><div class="css-0"><p class="chakra-text css-1w3cszp" data-testid="product-brand">Kelloggs</p><h3 class="chakra-heading css-1wmnia2" id="20323436002_EA" data-testid="product-title">Eggo Waffles, Chocolatey Chip</h3><p class="chakra-text css-1qnxnui" data-testid="product-package-size">280 g, $1.60/100g</p></div></a><div class="css-8keand"><button type="button" class="chakra-button css-hg6htt" data-testid="promotion-cta">Shop Offer<span class="chakra-button__icon css-1hzyiq5"><svg stroke="currentColor" fill="currentColor" stroke-width="0" viewBox="0 0 24 24" color="#e1251b" aria-hidden="true" focusable="false" height="1rem" width="1rem" xmlns="http://www.w3.org/2000/svg" style="color: rgb(225, 37, 27);"><path d="M10 6L8.59 7.41 13.17 12l-4.58 4.59L10 18l6-6z"></path></svg></span></button></div></div><div class="css-1q5omjq"><div class="css-1j3tjfb"><div data-testid="atc-compact" class="css-195uh0d" style="width: 45px;"><button type="button" class="chakra-button css-pwbt36" data-testid="atc-button"><svg stroke="currentColor" fill="currentColor" stroke-width="0" viewBox="0 0 24 24" focusable="false" class="chakra-icon css-1ibud8c" data-testid="btn-icon" aria-hidden="true" height="1em" width="1em" xmlns="http://www.w3.org/2000/svg"><path d="M19 13h-6v6h-2v-6H5v-2h6V5h2v6h6v2z"></path></svg><span class="css-idkz9h">Add Eggo Waffles, Chocolatey Chip to cart</span></button></div></div></div></div></div></div><div class="css-0"><div class="css-yyn1h"><div class="chakra-linkbox css-yxqevf"><div data-testid="product-image" class="css-1llgc3i"><img alt="Conestoga Eggs Brown Eggs Free Run Omega-3 Size: Large 18 ea, $0.58/1ea" class="chakra-image css-14hmzsy" src="https://digital.loblaws.ca/PCX/21542380001_EA/en/1/6476734395_enfr_front_centre_marketing_GS1_Ecommerce_1200.png" srcset="https://digital.loblaws.ca/PCX/21542380001_EA/en/1/6476734395_enfr_front_centre_marketing_GS1_Ecommerce_1200.png 1x, https://digital.loblaws.ca/PCX/21542380001_EA/en/1/6476734395_enfr_front_centre_marketing_GS1_Ecommerce_1200.png 2x" aria-hidden="true" loading="lazy"></div><div class="css-qoklea"><div class="css-12dchmx"><span class="chakra-badge css-3cpk8a" data-testid="product-badge"><div class="css-1jkwq69"><span data-testid="startIcon" class="css-1dhlxa5"><img alt="" class="chakra-image css-1byyo0w" src="https://dis-prod.assetful.loblaw.ca/content/dam/loblaw-companies-limited/creative-assets/pc-optimum/global-list/maple-leaf-red.png" loading="lazy"></span><span style="white-space: nowrap; overflow: hidden; text-overflow: ellipsis;">Prepared in Canada</span></div></span></div><div data-testid="price-product-tile" class="css-8atqhb"><p class="chakra-text css-0"><span class="chakra-text css-s9i4ca" data-testid="regular-price">$10.49</span></p></div><a href="/en/brown-eggs-free-run-omega-3-size-large/p/21542380001_EA?source=nspt" class="chakra-linkbox__overlay css-1hnz6hu"><div class="css-0"><span class="css-idkz9h">Prepared in Canada</span><p class="chakra-text css-1w3cszp" data-testid="product-brand">Conestoga Eggs</p><h3 class="chakra-heading css-1wmnia2" id="21542380001_EA" data-testid="product-title">Brown Eggs Free Run Omega-3 Size: Large</h3><p class="chakra-text css-1qnxnui" data-testid="product-package-size">18 ea, $0.58/1ea</p></div></a><div class="css-8keand"></div></div><div class="css-1q5omjq"><div class="css-1j3tjfb"><div data-testid="atc-compact" class="css-195uh0d" style="width: 45px;"><button type="button" class="chakra-button css-pwbt36" data-testid="atc-button"><svg stroke="currentColor" fill="currentColor" stroke-width="0" viewBox="0 0 24 24" focusable="false" class="chakra-icon css-1ibud8c" data-testid="btn-icon" aria-hidden="true" height="1em" width="1em" xmlns="http://www.w3.org/2000/svg"><path d="M19 13h-6v6h-2v-6H5v-2h6V5h2v6h6v2z"></path></svg><span class="css-idkz9h">Add Brown Eggs Free Run Omega-3 Size: Large to cart</span></button></div></div></div></div></div></div><div class="css-0"><div class="css-yyn1h"><div class="chakra-linkbox css-yxqevf"><div data-testid="product-image" class="css-1llgc3i"><img alt="Kelloggs Eggo Cinnamon Toast Waffles, 8 waffles 280 g, $1.60/100g" class="chakra-image css-14hmzsy" src="https://digital.loblaws.ca/PCX/20323436005_EA/en/1/20323436005_en_front_1200.png" srcset="https://digital.loblaws.ca/PCX/20323436005_EA/en/1/20323436005_en_front_1200.png 1x, https://digital.loblaws.ca/PCX/20323436005_EA/en/1/20323436005_en_front_1200.png 2x" aria-hidden="true" loading="lazy"></div><div class="css-qoklea"><div class="css-12dchmx"></div><div data-testid="price-product-tile" class="css-8atqhb"><p class="chakra-text css-0"><span class="chakra-text css-1u2vzcm" data-testid="sale-price"><span class="css-idkz9h">sale</span>$4.00 MIN 2</span></p><p class="chakra-text css-0"><span class="chakra-text css-pylrph" data-testid="non-members-price">$4.49</span><span class="chakra-text css-17dnrjv" data-testid="was-price"><span class="css-idkz9h">was</span></span></p></div><a href="/en/eggo-cinnamon-toast-waffles-8-waffles/p/20323436005_EA?source=nspt" class="chakra-linkbox__overlay css-1hnz6hu"><div class="css-0"><p class="chakra-text css-1w3cszp" data-testid="product-brand">Kelloggs</p><h3 class="chakra-heading css-1wmnia2" id="20323436005_EA" data-testid="product-title">Eggo Cinnamon Toast Waffles, 8 waffles</h3><p class="chakra-text css-1qnxnui" data-testid="product-package-size">280 g, $1.60/100g</p></div></a><div class="css-8keand"><button type="button" class="chakra-button css-hg6htt" data-testid="promotion-cta">Shop Offer<span class="chakra-button__icon css-1hzyiq5"><svg stroke="currentColor" fill="currentColor" stroke-width="0" viewBox="0 0 24 24" color="#e1251b" aria-hidden="true" focusable="false" height="1rem" width="1rem" xmlns="http://www.w3.org/2000/svg" style="color: rgb(225, 37, 27);"><path d="M10 6L8.59 7.41 13.17 12l-4.58 4.59L10 18l6-6z"></path></svg></span></button></div></div><div class="css-1q5omjq"><div class="css-1j3tjfb"><div data-testid="atc-compact" class="css-195uh0d" style="width: 45px;"><button type="button" class="chakra-button css-pwbt36" data-testid="atc-button"><svg stroke="currentColor" fill="currentColor" stroke-width="0" viewBox="0 0 24 24" focusable="false" class="chakra-icon css-1ibud8c" data-testid="btn-icon" aria-hidden="true" height="1em" width="1em" xmlns="http://www.w3.org/2000/svg"><path d="M19 13h-6v6h-2v-6H5v-2h6V5h2v6h6v2z"></path></svg><span class="css-idkz9h">Add Eggo Cinnamon Toast Waffles, 8 waffles to cart</span></button></div></div></div></div></div></div><div class="css-0"><div class="css-yyn1h"><div class="chakra-linkbox css-yxqevf"><div data-testid="product-image" class="css-1llgc3i"><img alt="Burnbrae Farms Nature's Best White Eggs, Large 12 ea, $0.42/1ea" class="chakra-image css-14hmzsy" src="https://digital.loblaws.ca/PCX/20814983001_EA/en/1/6565100022_enfr_front_centre_marketing_GS1_Ecommerce_1200.png" srcset="https://digital.loblaws.ca/PCX/20814983001_EA/en/1/6565100022_enfr_front_centre_marketing_GS1_Ecommerce_1200.png 1x, https://digital.loblaws.ca/PCX/20814983001_EA/en/1/6565100022_enfr_front_centre_marketing_GS1_Ecommerce_1200.png 2x" aria-hidden="true" loading="lazy"></div><div class="css-qoklea"><div class="css-12dchmx"><span class="chakra-badge css-3cpk8a" data-testid="product-badge"><div class="css-1jkwq69"><span data-testid="startIcon" class="css-1dhlxa5"><img alt="" class="chakra-image css-1byyo0w" src="https://dis-prod.assetful.loblaw.ca/content/dam/loblaw-companies-limited/creative-assets/pc-optimum/global-list/maple-leaf-red.png" loading="lazy"></span><span style="white-space: nowrap; overflow: hidden; text-overflow: ellipsis;">Prepared in Canada</span></div></span></div><div data-testid="price-product-tile" class="css-8atqhb"><p class="chakra-text css-0"><span class="chakra-text css-1u2vzcm" data-testid="sale-price"><span class="css-idkz9h">sale</span>$5.00</span><span class="chakra-text css-laxlzt" data-testid="was-price"><span class="css-idkz9h">was</span>$6.15</span></p><p class="chakra-text css-1wb7jtr" data-testid="price-descriptor">SAVE $1.15</p></div><a href="/en/nature-s-best-white-eggs-large/p/20814983001_EA?source=nspt" class="chakra-linkbox__overlay css-1hnz6hu"><div class="css-0"><span class="css-idkz9h">Prepared in Canada</span><p class="chakra-text css-1w3cszp" data-testid="product-brand">Burnbrae Farms</p><h3 class="chakra-heading css-1wmnia2" id="20814983001_EA" data-testid="product-title">Nature's Best White Eggs, Large</h3><p class="chakra-text css-1qnxnui" data-testid="product-package-size">12 ea, $0.42/1ea</p></div></a><div class="css-8keand"></div></div><div class="css-1q5omjq"><div class="css-1j3tjfb"><div data-testid="atc-compact" class="css-195uh0d" style="width: 45px;"><button type="button" class="chakra-button css-pwbt36" data-testid="atc-button"><svg stroke="currentColor" fill="currentColor" stroke-width="0" viewBox="0 0 24 24" focusable="false" class="chakra-icon css-1ibud8c" data-testid="btn-icon" aria-hidden="true" height="1em" width="1em" xmlns="http://www.w3.org/2000/svg"><path d="M19 13h-6v6h-2v-6H5v-2h6V5h2v6h6v2z"></path></svg><span class="css-idkz9h">Add Nature's Best White Eggs, Large to cart</span></button></div></div></div></div></div></div><div class="css-0"><div class="css-yyn1h"><div class="chakra-linkbox css-yxqevf"><div data-testid="product-image" class="css-1llgc3i"><img alt="Burnbrae Farms Naturegg Omega 3 White Eggs, Large 12 ea, $0.56/1ea" class="chakra-image css-14hmzsy" src="https://digital.loblaws.ca/PCX/20815563001_EA/en/1/20815563001_en_front_1200.png" srcset="https://digital.loblaws.ca/PCX/20815563001_EA/en/1/20815563001_en_front_1200.png 1x, https://digital.loblaws.ca/PCX/20815563001_EA/en/1/20815563001_en_front_1200.png 2x" aria-hidden="true" loading="lazy"></div><div class="css-qoklea"><div class="css-12dchmx"><span class="chakra-badge css-3cpk8a" data-testid="product-badge"><div class="css-1jkwq69"><span data-testid="startIcon" class="css-1dhlxa5"><img alt="" class="chakra-image css-1byyo0w" src="https://dis-prod.assetful.loblaw.ca/content/dam/loblaw-companies-limited/creative-assets/pc-optimum/global-list/maple-leaf-red.png" loading="lazy"></span><span style="white-space: nowrap; overflow: hidden; text-overflow: ellipsis;">Prepared in Canada</span></div></span></div><div data-testid="price-product-tile" class="css-8atqhb"><p class="chakra-text css-0"><span class="chakra-text css-s9i4ca" data-testid="regular-price">$6.75</span></p></div><a href="/en/naturegg-omega-3-white-eggs-large/p/20815563001_EA?source=nspt" class="chakra-linkbox__overlay css-1hnz6hu"><div class="css-0"><span class="css-idkz9h">Prepared in Canada</span><p class="chakra-text css-1w3cszp" data-testid="product-brand">Burnbrae Farms</p><h3 class="chakra-heading css-1wmnia2" id="20815563001_EA" data-testid="product-title">Naturegg Omega 3 White Eggs, Large</h3><p class="chakra-text css-1qnxnui" data-testid="product-package-size">12 ea, $0.56/1ea</p></div></a><div class="css-8keand"></div></div><div class="css-1q5omjq"><div class="css-1j3tjfb"><div data-testid="atc-compact" class="css-195uh0d" style="width: 45px;"><button type="button" class="chakra-button css-pwbt36" data-testid="atc-button"><svg stroke="currentColor" fill="currentColor" stroke-width="0" viewBox="0 0 24 24" focusable="false" class="chakra-icon css-1ibud8c" data-testid="btn-icon" aria-hidden="true" height="1em" width="1em" xmlns="http://www.w3.org/2000/svg"><path d="M19 13h-6v6h-2v-6H5v-2h6V5h2v6h6v2z"></path></svg><span class="css-idkz9h">Add Naturegg Omega 3 White Eggs, Large to cart</span></button></div></div></div></div></div></div><div class="css-0"><div class="css-yyn1h"><div class="chakra-linkbox css-yxqevf"><div data-testid="product-image" class="css-1llgc3i"><img alt="Kelloggs Eggo Waffles Blueberry Flavour 560 g, $0.89/100g" class="chakra-image css-14hmzsy" src="https://digital.loblaws.ca/PCX/20099730001_EA/en/1/20099730001_en_front_1200.png" srcset="https://digital.loblaws.ca/PCX/20099730001_EA/en/1/20099730001_en_front_1200.png 1x, https://digital.loblaws.ca/PCX/20099730001_EA/en/1/20099730001_en_front_1200.png 2x" aria-hidden="true" loading="lazy"></div><div class="css-qoklea"><div class="css-12dchmx"></div><div data-testid="price-product-tile" class="css-8atqhb"><p class="chakra-text css-0"><span class="chakra-text css-1u2vzcm" data-testid="sale-price"><span class="css-idkz9h">sale</span>$5.00</span><span class="chakra-text css-laxlzt" data-testid="was-price"><span class="css-idkz9h">was</span>$7.99</span></p><p class="chakra-text css-1wb7jtr" data-testid="price-descriptor">SAVE $2.99</p></div><a href="/en/eggo-waffles-blueberry-flavour/p/20099730001_EA?source=nspt" class="chakra-linkbox__overlay css-1hnz6hu"><div class="css-0"><p class="chakra-text css-1w3cszp" data-testid="product-brand">Kelloggs</p><h3 class="chakra-heading css-1wmnia2" id="20099730001_EA" data-testid="product-title">Eggo Waffles Blueberry Flavour</h3><p class="chakra-text css-1qnxnui" data-testid="product-package-size">560 g, $0.89/100g</p></div></a><div class="css-8keand"></div></div><div class="css-1q5omjq"><div class="css-1j3tjfb"><div data-testid="atc-compact" class="css-195uh0d" style="width: 45px;"><button type="button" class="chakra-button css-pwbt36" data-testid="atc-button"><svg stroke="currentColor" fill="currentColor" stroke-width="0" viewBox="0 0 24 24" focusable="false" class="chakra-icon css-1ibud8c" data-testid="btn-icon" aria-hidden="true" height="1em" width="1em" xmlns="http://www.w3.org/2000/svg"><path d="M19 13h-6v6h-2v-6H5v-2h6V5h2v6h6v2z"></path></svg><span class="css-idkz9h">Add Eggo Waffles Blueberry Flavour to cart</span></button></div></div></div></div></div></div><div class="css-0"><div class="css-yyn1h"><div class="chakra-linkbox css-yxqevf"><div data-testid="product-image" class="css-1llgc3i"><img alt="PC Blue Menu Blue Menu Free Run Large White Eggs 12 Pack 12 ea, $0.62/1ea" class="chakra-image css-14hmzsy" src="https://digital.loblaws.ca/PCX/20992723001_EA/en/1/20992723001_en_front_1200.png" srcset="https://digital.loblaws.ca/PCX/20992723001_EA/en/1/20992723001_en_front_1200.png 1x, https://digital.loblaws.ca/PCX/20992723001_EA/en/1/20992723001_en_front_1200.png 2x" aria-hidden="true" loading="lazy"></div><div class="css-qoklea"><div class="css-12dchmx"><span class="chakra-badge css-3cpk8a" data-testid="product-badge"><div class="css-1jkwq69"><span data-testid="startIcon" class="css-1dhlxa5"><img alt="" class="chakra-image css-1byyo0w" src="https://dis-prod.assetful.loblaw.ca/content/dam/loblaw-companies-limited/creative-assets/pc-optimum/global-list/maple-leaf-red.png" loading="lazy"></span><span style="white-space: nowrap; overflow: hidden; text-overflow: ellipsis;">Prepared in Canada</span></div></span></div><div data-testid="price-product-tile" class="css-8atqhb"><p class="chakra-text css-0"><span class="chakra-text css-s9i4ca" data-testid="regular-price">$7.49</span></p></div><a href="/en/blue-menu-free-run-large-white-eggs-12-pack/p/20992723001_EA?source=nspt" class="chakra-linkbox__overlay css-1hnz6hu"><div class="css-0"><span class="css-idkz9h">Prepared in Canada</span><p class="chakra-text css-1w3cszp" data-testid="product-brand">PC Blue Menu</p><h3 class="chakra-heading css-1wmnia2" id="20992723001_EA" data-testid="product-title">Blue Menu Free Run Large White Eggs 12 Pack</h3><p class="chakra-text css-1qnxnui" data-testid="product-package-size">12 ea, $0.62/1ea</p></div></a><div class="css-8keand"></div></div><div class="css-1q5omjq"><div class="css-1j3tjfb"><div data-testid="atc-compact" class="css-195uh0d" style="width: 45px;"><button type="button" class="chakra-button css-pwbt36" data-testid="atc-button"><svg stroke="currentColor" fill="currentColor" stroke-width="0" viewBox="0 0 24 24" focusable="false" class="chakra-icon css-1ibud8c" data-testid="btn-icon" aria-hidden="true" height="1em" width="1em" xmlns="http://www.w3.org/2000/svg"><path d="M19 13h-6v6h-2v-6H5v-2h6V5h2v6h6v2z"></path></svg><span class="css-idkz9h">Add Blue Menu Free Run Large White Eggs 12 Pack to cart</span></button></div></div></div></div></div></div><div class="css-0"><div class="css-yyn1h"><div class="chakra-linkbox css-yxqevf"><div data-testid="product-image" class="css-1llgc3i"><img alt="Kelloggs Eggo Waffles Chocolatey Chip 560 g, $0.89/100g" class="chakra-image css-14hmzsy" src="https://digital.loblaws.ca/PCX/20099730002_EA/en/1/20099730002_en_front_v1_1200.png" srcset="https://digital.loblaws.ca/PCX/20099730002_EA/en/1/20099730002_en_front_v1_1200.png 1x, https://digital.loblaws.ca/PCX/20099730002_EA/en/1/20099730002_en_front_v1_1200.png 2x" aria-hidden="true" loading="lazy"></div><div class="css-qoklea"><div class="css-12dchmx"></div><div data-testid="price-product-tile" class="css-8atqhb"><p class="chakra-text css-0"><span class="chakra-text css-1u2vzcm" data-testid="sale-price"><span class="css-idkz9h">sale</span>$5.00</span><span class="chakra-text css-laxlzt" data-testid="was-price"><span class="css-idkz9h">was</span>$7.99</span></p><p class="chakra-text css-1wb7jtr" data-testid="price-descriptor">SAVE $2.99</p></div><a href="/en/eggo-waffles-chocolatey-chip/p/20099730002_EA?source=nspt" class="chakra-linkbox__overlay css-1hnz6hu"><div class="css-0"><p class="chakra-text css-1w3cszp" data-testid="product-brand">Kelloggs</p><h3 class="chakra-heading css-1wmnia2" id="20099730002_EA" data-testid="product-title">Eggo Waffles Chocolatey Chip</h3><p class="chakra-text css-1qnxnui" data-testid="product-package-size">560 g, $0.89/100g</p></div></a><div class="css-8keand"></div></div><div class="css-1q5omjq"><div class="css-1j3tjfb"><div data-testid="atc-compact" class="css-195uh0d" style="width: 45px;"><button type="button" class="chakra-button css-pwbt36" data-testid="atc-button"><svg stroke="currentColor" fill="currentColor" stroke-width="0" viewBox="0 0 24 24" focusable="false" class="chakra-icon css-1ibud8c" data-testid="btn-icon" aria-hidden="true" height="1em" width="1em" xmlns="http://www.w3.org/2000/svg"><path d="M19 13h-6v6h-2v-6H5v-2h6V5h2v6h6v2z"></path></svg><span class="css-idkz9h">Add Eggo Waffles Chocolatey Chip to cart</span></button></div></div></div></div></div></div><div class="css-0"><div class="css-yyn1h"><div class="chakra-linkbox css-yxqevf"><div data-testid="product-image" class="css-1llgc3i"><img alt="Kelloggs Eggo Original Waffles, 48 waffles 1.68 kg, $1.01/100g" class="chakra-image css-14hmzsy" src="https://digital.loblaws.ca/PCX/20296503001_EA/en/1/20296503001_en_front_1200.png" srcset="https://digital.loblaws.ca/PCX/20296503001_EA/en/1/20296503001_en_front_1200.png 1x, https://digital.loblaws.ca/PCX/20296503001_EA/en/1/20296503001_en_front_1200.png 2x" aria-hidden="true" loading="lazy"></div><div class="css-qoklea"><div class="css-12dchmx"></div><div data-testid="price-product-tile" class="css-8atqhb"><p class="chakra-text css-0"><span class="chakra-text css-s9i4ca" data-testid="regular-price">$16.99</span></p></div><a href="/en/eggo-original-waffles-48-waffles/p/20296503001_EA?source=nspt" class="chakra-linkbox__overlay css-1hnz6hu"><div class="css-0"><p class="chakra-text css-1w3cszp" data-testid="product-brand">Kelloggs</p><h3 class="chakra-heading css-1wmnia2" id="20296503001_EA" data-testid="product-title">Eggo Original Waffles, 48 waffles</h3><p class="chakra-text css-1qnxnui" data-testid="product-package-size">1.68 kg, $1.01/100g</p></div></a><div class="css-8keand"></div></div><div class="css-1q5omjq"><div class="css-1j3tjfb"><div data-testid="atc-compact" class="css-195uh0d" style="width: 45px;"><button type="button" class="chakra-button css-pwbt36" data-testid="atc-button"><svg stroke="currentColor" fill="currentColor" stroke-width="0" viewBox="0 0 24 24" focusable="false" class="chakra-icon css-1ibud8c" data-testid="btn-icon" aria-hidden="true" height="1em" width="1em" xmlns="http://www.w3.org/2000/svg"><path d="M19 13h-6v6h-2v-6H5v-2h6V5h2v6h6v2z"></path></svg><span class="css-idkz9h">Add Eggo Original Waffles, 48 waffles to cart</span></button></div></div></div></div></div></div><div class="css-0"><div class="css-yyn1h"><div class="chakra-linkbox css-yxqevf"><div data-testid="product-image" class="css-1llgc3i"><img alt="Kelloggs Eggo Waffles Buttermilk 280 g, $1.60/100g" class="chakra-image css-14hmzsy" src="https://digital.loblaws.ca/PCX/20323436004_EA/en/1/20323436004_en_front_1200.png" srcset="https://digital.loblaws.ca/PCX/20323436004_EA/en/1/20323436004_en_front_1200.png 1x, https://digital.loblaws.ca/PCX/20323436004_EA/en/1/20323436004_en_front_1200.png 2x" aria-hidden="true" loading="lazy"></div><div class="css-qoklea"><div class="css-12dchmx"></div><div data-testid="price-product-tile" class="css-8atqhb"><p class="chakra-text css-0"><span class="chakra-text css-1u2vzcm" data-testid="sale-price"><span class="css-idkz9h">sale</span>$4.00 MIN 2</span></p><p class="chakra-text css-0"><span class="chakra-text css-pylrph" data-testid="non-members-price">$4.49</span><span class="chakra-text css-17dnrjv" data-testid="was-price"><span class="css-idkz9h">was</span></span></p></div><a href="/en/eggo-waffles-buttermilk/p/20323436004_EA?source=nspt" class="chakra-linkbox__overlay css-1hnz6hu"><div class="css-0"><p class="chakra-text css-1w3cszp" data-testid="product-brand">Kelloggs</p><h3 class="chakra-heading css-1wmnia2" id="20323436004_EA" data-testid="product-title">Eggo Waffles Buttermilk</h3><p class="chakra-text css-1qnxnui" data-testid="product-package-size">280 g, $1.60/100g</p></div></a><div class="css-8keand"><button type="button" class="chakra-button css-hg6htt" data-testid="promotion-cta">Shop Offer<span class="chakra-button__icon css-1hzyiq5"><svg stroke="currentColor" fill="currentColor" stroke-width="0" viewBox="0 0 24 24" color="#e1251b" aria-hidden="true" focusable="false" height="1rem" width="1rem" xmlns="http://www.w3.org/2000/svg" style="color: rgb(225, 37, 27);"><path d="M10 6L8.59 7.41 13.17 12l-4.58 4.59L10 18l6-6z"></path></svg></span></button></div></div><div class="css-1q5omjq"><div class="css-1j3tjfb"><div data-testid="atc-compact" class="css-195uh0d" style="width: 45px;"><button type="button" class="chakra-button css-pwbt36" data-testid="atc-button"><svg stroke="currentColor" fill="currentColor" stroke-width="0" viewBox="0 0 24 24" focusable="false" class="chakra-icon css-1ibud8c" data-testid="btn-icon" aria-hidden="true" height="1em" width="1em" xmlns="http://www.w3.org/2000/svg"><path d="M19 13h-6v6h-2v-6H5v-2h6V5h2v6h6v2z"></path></svg><span class="css-idkz9h">Add Eggo Waffles Buttermilk to cart</span></button></div></div></div></div></div></div><div class="css-0"><div class="css-yyn1h"><div class="chakra-linkbox css-yxqevf"><div data-testid="product-image" class="css-1llgc3i"><img alt="Kelloggs Eggo Protein Waffles Chocolate Chip Brownie 280 g, $1.79/100g" class="chakra-image css-14hmzsy" src="https://digital.loblaws.ca/PCX/21639330_EA/en/1/21639330_en_front_1200.png" srcset="https://digital.loblaws.ca/PCX/21639330_EA/en/1/21639330_en_front_1200.png 1x, https://digital.loblaws.ca/PCX/21639330_EA/en/1/21639330_en_front_1200.png 2x" aria-hidden="true" loading="lazy"></div><div class="css-qoklea"><div class="css-12dchmx"></div><div data-testid="price-product-tile" class="css-8atqhb"><p class="chakra-text css-0"><span class="chakra-text css-1u2vzcm" data-testid="sale-price"><span class="css-idkz9h">sale</span>$5.00</span><span class="chakra-text css-laxlzt" data-testid="was-price"><span class="css-idkz9h">was</span>$7.99</span></p><p class="chakra-text css-1wb7jtr" data-testid="price-descriptor">SAVE $2.99</p></div><a href="/en/eggo-protein-waffles-chocolate-chip-brownie/p/21639330_EA?source=nspt" class="chakra-linkbox__overlay css-1hnz6hu"><div class="css-0"><p class="chakra-text css-1w3cszp" data-testid="product-brand">Kelloggs</p><h3 class="chakra-heading css-1wmnia2" id="21639330_EA" data-testid="product-title">Eggo Protein Waffles Chocolate Chip Brownie</h3><p class="chakra-text css-1qnxnui" data-testid="product-package-size">280 g, $1.79/100g</p></div></a><div class="css-8keand"></div></div><div class="css-1q5omjq"><div class="css-1j3tjfb"><div data-testid="atc-compact" class="css-195uh0d" style="width: 45px;"><button type="button" class="chakra-button css-pwbt36" data-testid="atc-button"><svg stroke="currentColor" fill="currentColor" stroke-width="0" viewBox="0 0 24 24" focusable="false" class="chakra-icon css-1ibud8c" data-testid="btn-icon" aria-hidden="true" height="1em" width="1em" xmlns="http://www.w3.org/2000/svg"><path d="M19 13h-6v6h-2v-6H5v-2h6V5h2v6h6v2z"></path></svg><span class="css-idkz9h">Add Eggo Protein Waffles Chocolate Chip Brownie to cart</span></button></div></div></div></div></div></div><div class="css-0"><div class="css-yyn1h"><div class="chakra-linkbox css-yxqevf"><div data-testid="product-image" class="css-1llgc3i"><img alt="PC Blue Menu Egg Whites 1 kg, $1.08/100g" class="chakra-image css-14hmzsy" src="https://digital.loblaws.ca/PCX/20821364001_EA/en/1/6038306322_en_front_centre_marketing_GS1_Ecommerce_1200.png" srcset="https://digital.loblaws.ca/PCX/20821364001_EA/en/1/6038306322_en_front_centre_marketing_GS1_Ecommerce_1200.png 1x, https://digital.loblaws.ca/PCX/20821364001_EA/en/1/6038306322_en_front_centre_marketing_GS1_Ecommerce_1200.png 2x" aria-hidden="true" loading="lazy"></div><div class="css-qoklea"><div class="css-12dchmx"><span class="chakra-badge css-3cpk8a" data-testid="product-badge"><div class="css-1jkwq69"><span data-testid="startIcon" class="css-1dhlxa5"><img alt="" class="chakra-image css-1byyo0w" src="https://dis-prod.assetful.loblaw.ca/content/dam/loblaw-companies-limited/creative-assets/pc-optimum/global-list/maple-leaf-red.png" loading="lazy"></span><span style="white-space: nowrap; overflow: hidden; text-overflow: ellipsis;">Prepared in Canada</span></div></span></div><div data-testid="price-product-tile" class="css-8atqhb"><p class="chakra-text css-0"><span class="chakra-text css-s9i4ca" data-testid="regular-price">$10.78</span></p></div><a href="/en/egg-whites/p/20821364001_EA?source=nspt" class="chakra-linkbox__overlay css-1hnz6hu"><div class="css-0"><span class="css-idkz9h">Prepared in Canada</span><p class="chakra-text css-1w3cszp" data-testid="product-brand">PC Blue Menu</p><h3 class="chakra-heading css-1wmnia2" id="20821364001_EA" data-testid="product-title">Egg Whites</h3><p class="chakra-text css-1qnxnui" data-testid="product-package-size">1 kg, $1.08/100g</p></div></a><div class="css-8keand"></div></div><div class="css-1q5omjq"><div class="css-1j3tjfb"><div data-testid="atc-compact" class="css-195uh0d" style="width: 45px;"><button type="button" class="chakra-button css-pwbt36" data-testid="atc-button"><svg stroke="currentColor" fill="currentColor" stroke-width="0" viewBox="0 0 24 24" focusable="false" class="chakra-icon css-1ibud8c" data-testid="btn-icon" aria-hidden="true" height="1em" width="1em" xmlns="http://www.w3.org/2000/svg"><path d="M19 13h-6v6h-2v-6H5v-2h6V5h2v6h6v2z"></path></svg><span class="css-idkz9h">Add Egg Whites to cart</span></button></div></div></div></div></div></div><div class="css-0"><div class="css-yyn1h"><div class="chakra-linkbox css-yxqevf"><div data-testid="product-image" class="css-1llgc3i"><img alt="Kelloggs Eggo Thick &amp; Fluffy Waffles Original 330 g, $1.36/100g" class="chakra-image css-14hmzsy" src="https://digital.loblaws.ca/PCX/21511747_EA/en/1/6410014192_en_front_centre_marketing_GS1_Ecommerce_1200.png" srcset="https://digital.loblaws.ca/PCX/21511747_EA/en/1/6410014192_en_front_centre_marketing_GS1_Ecommerce_1200.png 1x, https://digital.loblaws.ca/PCX/21511747_EA/en/1/6410014192_en_front_centre_marketing_GS1_Ecommerce_1200.png 2x" aria-hidden="true" loading="lazy"></div><div class="css-qoklea"><div class="css-12dchmx"></div><div data-testid="price-product-tile" class="css-8atqhb"><p class="chakra-text css-0"><span class="chakra-text css-s9i4ca" data-testid="regular-price">$4.49</span></p></div><a href="/en/eggo-thick-fluffy-waffles-original/p/21511747_EA?source=nspt" class="chakra-linkbox__overlay css-1hnz6hu"><div class="css-0"><p class="chakra-text css-1w3cszp" data-testid="product-brand">Kelloggs</p><h3 class="chakra-heading css-1wmnia2" id="21511747_EA" data-testid="product-title">Eggo Thick &amp; Fluffy Waffles Original</h3><p class="chakra-text css-1qnxnui" data-testid="product-package-size">330 g, $1.36/100g</p></div></a><div class="css-8keand"></div></div><div class="css-1q5omjq"><div class="css-1j3tjfb"><div data-testid="atc-compact" class="css-195uh0d" style="width: 45px;"><button type="button" class="chakra-button css-pwbt36" data-testid="atc-button"><svg stroke="currentColor" fill="currentColor" stroke-width="0" viewBox="0 0 24 24" focusable="false" class="chakra-icon css-1ibud8c" data-testid="btn-icon" aria-hidden="true" height="1em" width="1em" xmlns="http://www.w3.org/2000/svg"><path d="M19 13h-6v6h-2v-6H5v-2h6V5h2v6h6v2z"></path></svg><span class="css-idkz9h">Add Eggo Thick &amp; Fluffy Waffles Original to cart</span></button></div></div></div></div></div></div><div class="css-0"><div class="css-yyn1h"><div class="chakra-linkbox css-yxqevf"><div data-testid="product-image" class="css-1llgc3i"><img alt="Kelloggs Eggo Protein Waffles Strawberry Blast Flavour 280 g, $1.79/100g" class="chakra-image css-14hmzsy" src="https://digital.loblaws.ca/PCX/21639327_EA/en/1/21639327_en_front_1200.png" srcset="https://digital.loblaws.ca/PCX/21639327_EA/en/1/21639327_en_front_1200.png 1x, https://digital.loblaws.ca/PCX/21639327_EA/en/1/21639327_en_front_1200.png 2x" aria-hidden="true" loading="lazy"></div><div class="css-qoklea"><div class="css-12dchmx"></div><div data-testid="price-product-tile" class="css-8atqhb"><p class="chakra-text css-0"><span class="chakra-text css-1u2vzcm" data-testid="sale-price"><span class="css-idkz9h">sale</span>$5.00</span><span class="chakra-text css-laxlzt" data-testid="was-price"><span class="css-idkz9h">was</span>$7.99</span></p><p class="chakra-text css-1wb7jtr" data-testid="price-descriptor">SAVE $2.99</p></div><a href="/en/eggo-protein-waffles-strawberry-blast-flavour/p/21639327_EA?source=nspt" class="chakra-linkbox__overlay css-1hnz6hu"><div class="css-0"><p class="chakra-text css-1w3cszp" data-testid="product-brand">Kelloggs</p><h3 class="chakra-heading css-1wmnia2" id="21639327_EA" data-testid="product-title">Eggo Protein Waffles Strawberry Blast Flavour</h3><p class="chakra-text css-1qnxnui" data-testid="product-package-size">280 g, $1.79/100g</p></div></a><div class="css-8keand"></div></div><div class="css-1q5omjq"><div class="css-1j3tjfb"><div data-testid="atc-compact" class="css-195uh0d" style="width: 45px;"><button type="button" class="chakra-button css-pwbt36" data-testid="atc-button"><svg stroke="currentColor" fill="currentColor" stroke-width="0" viewBox="0 0 24 24" focusable="false" class="chakra-icon css-1ibud8c" data-testid="btn-icon" aria-hidden="true" height="1em" width="1em" xmlns="http://www.w3.org/2000/svg"><path d="M19 13h-6v6h-2v-6H5v-2h6V5h2v6h6v2z"></path></svg><span class="css-idkz9h">Add Eggo Protein Waffles Strawberry Blast Flavour to cart</span></button></div></div></div></div></div></div><div class="css-0"><div class="css-yyn1h"><div class="chakra-linkbox css-yxqevf"><div data-testid="product-image" class="css-1llgc3i"><img alt="Kelloggs Eggo Thick &amp; Fluffy Waffles Cinnamon Brown Sugar 330 g, $1.36/100g" class="chakra-image css-14hmzsy" src="https://digital.loblaws.ca/PCX/21509951_EA/en/1/6410014194_en_front_centre_marketing_GS1_Ecommerce_1200.png" srcset="https://digital.loblaws.ca/PCX/21509951_EA/en/1/6410014194_en_front_centre_marketing_GS1_Ecommerce_1200.png 1x, https://digital.loblaws.ca/PCX/21509951_EA/en/1/6410014194_en_front_centre_marketing_GS1_Ecommerce_1200.png 2x" aria-hidden="true" loading="lazy"></div><div class="css-qoklea"><div class="css-12dchmx"></div><div data-testid="price-product-tile" class="css-8atqhb"><p class="chakra-text css-0"><span class="chakra-text css-s9i4ca" data-testid="regular-price">$4.49</span></p></div><a href="/en/eggo-thick-fluffy-waffles-cinnamon-brown-sugar/p/21509951_EA?source=nspt" class="chakra-linkbox__overlay css-1hnz6hu"><div class="css-0"><p class="chakra-text css-1w3cszp" data-testid="product-brand">Kelloggs</p><h3 class="chakra-heading css-1wmnia2" id="21509951_EA" data-testid="product-title">Eggo Thick &amp; Fluffy Waffles Cinnamon Brown Sugar</h3><p class="chakra-text css-1qnxnui" data-testid="product-package-size">330 g, $1.36/100g</p></div></a><div class="css-8keand"></div></div><div class="css-1q5omjq"><div class="css-1j3tjfb"><div data-testid="atc-compact" class="css-195uh0d" style="width: 45px;"><button type="button" class="chakra-button css-pwbt36" data-testid="atc-button"><svg stroke="currentColor" fill="currentColor" stroke-width="0" viewBox="0 0 24 24" focusable="false" class="chakra-icon css-1ibud8c" data-testid="btn-icon" aria-hidden="true" height="1em" width="1em" xmlns="http://www.w3.org/2000/svg"><path d="M19 13h-6v6h-2v-6H5v-2h6V5h2v6h6v2z"></path></svg><span class="css-idkz9h">Add Eggo Thick &amp; Fluffy Waffles Cinnamon Brown Sugar to cart</span></button></div></div></div></div></div></div><div class="css-0"><div class="css-yyn1h"><div class="chakra-linkbox css-yxqevf"><div data-testid="product-image" class="css-1llgc3i"><img alt="Kelloggs Eggo's Pancake, Buttermilk 280 g, $1.60/100g" class="chakra-image css-14hmzsy" src="https://digital.loblaws.ca/PCX/21512740_EA/en/1/21512740_enfr_front_1200.png" srcset="https://digital.loblaws.ca/PCX/21512740_EA/en/1/21512740_enfr_front_1200.png 1x, https://digital.loblaws.ca/PCX/21512740_EA/en/1/21512740_enfr_front_1200.png 2x" aria-hidden="true" loading="lazy"></div><div class="css-qoklea"><div class="css-12dchmx"></div><div data-testid="price-product-tile" class="css-8atqhb"><p class="chakra-text css-0"><span class="chakra-text css-1u2vzcm" data-testid="sale-price"><span class="css-idkz9h">sale</span>$4.00 MIN 2</span></p><p class="chakra-text css-0"><span class="chakra-text css-pylrph" data-testid="non-members-price">$4.49</span><span class="chakra-text css-17dnrjv" data-testid="was-price"><span class="css-idkz9h">was</span></span></p></div><a href="/en/eggo-s-pancake-buttermilk/p/21512740_EA?source=nspt" class="chakra-linkbox__overlay css-1hnz6hu"><div class="css-0"><p class="chakra-text css-1w3cszp" data-testid="product-brand">Kelloggs</p><h3 class="chakra-heading css-1wmnia2" id="21512740_EA" data-testid="product-title">Eggo's Pancake, Buttermilk</h3><p class="chakra-text css-1qnxnui" data-testid="product-package-size">280 g, $1.60/100g</p></div></a><div class="css-8keand"><button type="button" class="chakra-button css-hg6htt" data-testid="promotion-cta">Shop Offer<span class="chakra-button__icon css-1hzyiq5"><svg stroke="currentColor" fill="currentColor" stroke-width="0" viewBox="0 0 24 24" color="#e1251b" aria-hidden="true" focusable="false" height="1rem" width="1rem" xmlns="http://www.w3.org/2000/svg" style="color: rgb(225, 37, 27);"><path d="M10 6L8.59 7.41 13.17 12l-4.58 4.59L10 18l6-6z"></path></svg></span></button></div></div><div class="css-1q5omjq"><div class="css-1j3tjfb"><div data-testid="atc-compact" class="css-195uh0d" style="width: 45px;"><button type="button" class="chakra-button css-pwbt36" data-testid="atc-button"><svg stroke="currentColor" fill="currentColor" stroke-width="0" viewBox="0 0 24 24" focusable="false" class="chakra-icon css-1ibud8c" data-testid="btn-icon" aria-hidden="true" height="1em" width="1em" xmlns="http://www.w3.org/2000/svg"><path d="M19 13h-6v6h-2v-6H5v-2h6V5h2v6h6v2z"></path></svg><span class="css-idkz9h">Add Eggo's Pancake, Buttermilk to cart</span></button></div></div></div></div></div></div><div class="css-0"><div class="css-yyn1h"><div class="chakra-linkbox css-yxqevf"><div data-testid="product-image" class="css-1llgc3i"><img alt="PC Organics Extra Large Size Free-Range Brown Eggs 12 ea, $0.68/1ea" class="chakra-image css-14hmzsy" src="https://digital.loblaws.ca/PCX/20813389001_EA/en/1/20813389001_en_front_1200.png" srcset="https://digital.loblaws.ca/PCX/20813389001_EA/en/1/20813389001_en_front_1200.png 1x, https://digital.loblaws.ca/PCX/20813389001_EA/en/1/20813389001_en_front_1200.png 2x" aria-hidden="true" loading="lazy"></div><div class="css-qoklea"><div class="css-12dchmx"><span class="chakra-badge css-3cpk8a" data-testid="product-badge"><div class="css-1jkwq69"><span data-testid="startIcon" class="css-1dhlxa5"><img alt="" class="chakra-image css-1byyo0w" src="https://dis-prod.assetful.loblaw.ca/content/dam/loblaw-companies-limited/creative-assets/pc-optimum/global-list/maple-leaf-red.png" loading="lazy"></span><span style="white-space: nowrap; overflow: hidden; text-overflow: ellipsis;">Prepared in Canada</span></div></span></div><div data-testid="price-product-tile" class="css-8atqhb"><p class="chakra-text css-0"><span class="chakra-text css-s9i4ca" data-testid="regular-price">$8.19</span></p></div><a href="/en/extra-large-size-free-range-brown-eggs/p/20813389001_EA?source=nspt" class="chakra-linkbox__overlay css-1hnz6hu"><div class="css-0"><span class="css-idkz9h">Prepared in Canada</span><p class="chakra-text css-1w3cszp" data-testid="product-brand">PC Organics</p><h3 class="chakra-heading css-1wmnia2" id="20813389001_EA" data-testid="product-title">Extra Large Size Free-Range Brown Eggs</h3><p class="chakra-text css-1qnxnui" data-testid="product-package-size">12 ea, $0.68/1ea</p></div></a><div class="css-8keand"></div></div><div class="css-1q5omjq"><div class="css-1j3tjfb"><div data-testid="atc-compact" class="css-195uh0d" style="width: 45px;"><button disabled="" type="button" class="chakra-button css-qyla5x" data-testid="atc-button"><svg stroke="currentColor" fill="currentColor" stroke-width="0" viewBox="0 0 24 24" focusable="false" class="chakra-icon css-1etxmt6" data-testid="btn-icon" aria-hidden="true" height="1em" width="1em" xmlns="http://www.w3.org/2000/svg"><path d="M19 13h-6v6h-2v-6H5v-2h6V5h2v6h6v2z"></path></svg><span class="css-idkz9h">Add Extra Large Size Free-Range Brown Eggs to cart</span></button></div></div><div class="css-1wazsvo"><p class="chakra-text css-m8vflk" data-testid="inventory-badge-text">Out of Stock</p></div></div></div></div></div><div class="css-0"><div class="css-yyn1h"><div class="chakra-linkbox css-yxqevf"><div data-testid="product-image" class="css-1llgc3i"><img alt="Burnbrae Farms Egg Creations! Whole Eggs, Original 500 g, $1.16/100g" class="chakra-image css-14hmzsy" src="https://digital.loblaws.ca/PCX/20984144001_EA/en/1/6565101250_en_front_centre_marketing_GS1_Ecommerce_1200.png" srcset="https://digital.loblaws.ca/PCX/20984144001_EA/en/1/6565101250_en_front_centre_marketing_GS1_Ecommerce_1200.png 1x, https://digital.loblaws.ca/PCX/20984144001_EA/en/1/6565101250_en_front_centre_marketing_GS1_Ecommerce_1200.png 2x" aria-hidden="true" loading="lazy"></div><div class="css-qoklea"><div class="css-12dchmx"><span class="chakra-badge css-3cpk8a" data-testid="product-badge"><div class="css-1jkwq69"><span data-testid="startIcon" class="css-1dhlxa5"><img alt="" class="chakra-image css-1byyo0w" src="https://dis-prod.assetful.loblaw.ca/content/dam/loblaw-companies-limited/creative-assets/pc-optimum/global-list/maple-leaf-red.png" loading="lazy"></span><span style="white-space: nowrap; overflow: hidden; text-overflow: ellipsis;">Prepared in Canada</span></div></span></div><div data-testid="price-product-tile" class="css-8atqhb"><p class="chakra-text css-0"><span class="chakra-text css-s9i4ca" data-testid="regular-price">$5.79</span></p></div><a href="/en/egg-creations-whole-eggs-original/p/20984144001_EA?source=nspt" class="chakra-linkbox__overlay css-1hnz6hu"><div class="css-0"><span class="css-idkz9h">Prepared in Canada</span><p class="chakra-text css-1w3cszp" data-testid="product-brand">Burnbrae Farms</p><h3 class="chakra-heading css-1wmnia2" id="20984144001_EA" data-testid="product-title">Egg Creations! Whole Eggs, Original</h3><p class="chakra-text css-1qnxnui" data-testid="product-package-size">500 g, $1.16/100g</p></div></a><div class="css-8keand"></div></div><div class="css-1q5omjq"><div class="css-1j3tjfb"><div data-testid="atc-compact" class="css-195uh0d" style="width: 45px;"><button type="button" class="chakra-button css-pwbt36" data-testid="atc-button"><svg stroke="currentColor" fill="currentColor" stroke-width="0" viewBox="0 0 24 24" focusable="false" class="chakra-icon css-1ibud8c" data-testid="btn-icon" aria-hidden="true" height="1em" width="1em" xmlns="http://www.w3.org/2000/svg"><path d="M19 13h-6v6h-2v-6H5v-2h6V5h2v6h6v2z"></path></svg><span class="css-idkz9h">Add Egg Creations! Whole Eggs, Original to cart</span></button></div></div></div></div></div></div><div class="css-0"><div class="css-yyn1h"><div class="chakra-linkbox css-yxqevf"><div data-testid="product-image" class="css-1llgc3i"><img alt="Burnbrae Farms Grade A White Eggs, Large 6 ea, $0.55/1ea" class="chakra-image css-14hmzsy" src="https://digital.loblaws.ca/PCX/20814818001_EA/en/1/20814818001_en_front_v1_1200.png" srcset="https://digital.loblaws.ca/PCX/20814818001_EA/en/1/20814818001_en_front_v1_1200.png 1x, https://digital.loblaws.ca/PCX/20814818001_EA/en/1/20814818001_en_front_v1_1200.png 2x" aria-hidden="true" loading="lazy"></div><div class="css-qoklea"><div class="css-12dchmx"><span class="chakra-badge css-3cpk8a" data-testid="product-badge"><div class="css-1jkwq69"><span data-testid="startIcon" class="css-1dhlxa5"><img alt="" class="chakra-image css-1byyo0w" src="https://dis-prod.assetful.loblaw.ca/content/dam/loblaw-companies-limited/creative-assets/pc-optimum/global-list/maple-leaf-red.png" loading="lazy"></span><span style="white-space: nowrap; overflow: hidden; text-overflow: ellipsis;">Prepared in Canada</span></div></span></div><div data-testid="price-product-tile" class="css-8atqhb"><p class="chakra-text css-0"><span class="chakra-text css-s9i4ca" data-testid="regular-price">$3.30</span></p></div><a href="/en/grade-a-white-eggs-large/p/20814818001_EA?source=nspt" class="chakra-linkbox__overlay css-1hnz6hu"><div class="css-0"><span class="css-idkz9h">Prepared in Canada</span><p class="chakra-text css-1w3cszp" data-testid="product-brand">Burnbrae Farms</p><h3 class="chakra-heading css-1wmnia2" id="20814818001_EA" data-testid="product-title">Grade A White Eggs, Large</h3><p class="chakra-text css-1qnxnui" data-testid="product-package-size">6 ea, $0.55/1ea</p></div></a><div class="css-8keand"></div></div><div class="css-1q5omjq"><div class="css-1j3tjfb"><div data-testid="atc-compact" class="css-195uh0d" style="width: 45px;"><button type="button" class="chakra-button css-pwbt36" data-testid="atc-button"><svg stroke="currentColor" fill="currentColor" stroke-width="0" viewBox="0 0 24 24" focusable="false" class="chakra-icon css-1ibud8c" data-testid="btn-icon" aria-hidden="true" height="1em" width="1em" xmlns="http://www.w3.org/2000/svg"><path d="M19 13h-6v6h-2v-6H5v-2h6V5h2v6h6v2z"></path></svg><span class="css-idkz9h">Add Grade A White Eggs, Large to cart</span></button></div></div></div></div></div></div><div class="css-0"><div class="css-yyn1h"><div class="chakra-linkbox css-yxqevf"><div data-testid="product-image" class="css-1llgc3i"><img alt="President's Choice Farm-Fresh Quail Eggs 18 ea, $0.22/1ea" class="chakra-image css-14hmzsy" src="https://digital.loblaws.ca/PCX/21688098001_EA/en/1/21688098001_en_front_v1_1200.png" srcset="https://digital.loblaws.ca/PCX/21688098001_EA/en/1/21688098001_en_front_v1_1200.png 1x, https://digital.loblaws.ca/PCX/21688098001_EA/en/1/21688098001_en_front_v1_1200.png 2x" aria-hidden="true" loading="lazy"></div><div class="css-qoklea"><div class="css-12dchmx"><span class="chakra-badge css-1143hxx" data-testid="product-badge"><div class="css-1jkwq69"><span style="white-space: nowrap; overflow: hidden; text-overflow: ellipsis;">New</span></div></span></div><div data-testid="price-product-tile" class="css-8atqhb"><p class="chakra-text css-0"><span class="chakra-text css-s9i4ca" data-testid="regular-price">$3.99</span></p></div><a href="/en/farm-fresh-quail-eggs/p/21688098001_EA?source=nspt" class="chakra-linkbox__overlay css-1hnz6hu"><div class="css-0"><span class="css-idkz9h">New</span><p class="chakra-text css-1w3cszp" data-testid="product-brand">President's Choice</p><h3 class="chakra-heading css-1wmnia2" id="21688098001_EA" data-testid="product-title">Farm-Fresh Quail Eggs</h3><p class="chakra-text css-1qnxnui" data-testid="product-package-size">18 ea, $0.22/1ea</p></div></a><div class="css-8keand"></div></div><div class="css-1q5omjq"><div class="css-1j3tjfb"><div data-testid="atc-compact" class="css-195uh0d" style="width: 45px;"><button type="button" class="chakra-button css-pwbt36" data-testid="atc-button"><svg stroke="currentColor" fill="currentColor" stroke-width="0" viewBox="0 0 24 24" focusable="false" class="chakra-icon css-1ibud8c" data-testid="btn-icon" aria-hidden="true" height="1em" width="1em" xmlns="http://www.w3.org/2000/svg"><path d="M19 13h-6v6h-2v-6H5v-2h6V5h2v6h6v2z"></path></svg><span class="css-idkz9h">Add Farm-Fresh Quail Eggs to cart</span></button></div></div></div></div></div></div><div class="css-0"><div class="css-yyn1h"><div class="chakra-linkbox css-yxqevf"><div data-testid="product-image" class="css-1llgc3i"><img alt="PC Blue Menu Free Run Egg Whites 500 g, $1.34/100g" class="chakra-image css-14hmzsy" src="https://digital.loblaws.ca/PCX/20821366001_EA/en/1/6038309541_en_front_centre_marketing_GS1_Ecommerce_1200.png" srcset="https://digital.loblaws.ca/PCX/20821366001_EA/en/1/6038309541_en_front_centre_marketing_GS1_Ecommerce_1200.png 1x, https://digital.loblaws.ca/PCX/20821366001_EA/en/1/6038309541_en_front_centre_marketing_GS1_Ecommerce_1200.png 2x" aria-hidden="true" loading="lazy"></div><div class="css-qoklea"><div class="css-12dchmx"><span class="chakra-badge css-3cpk8a" data-testid="product-badge"><div class="css-1jkwq69"><span data-testid="startIcon" class="css-1dhlxa5"><img alt="" class="chakra-image css-1byyo0w" src="https://dis-prod.assetful.loblaw.ca/content/dam/loblaw-companies-limited/creative-assets/pc-optimum/global-list/maple-leaf-red.png" loading="lazy"></span><span style="white-space: nowrap; overflow: hidden; text-overflow: ellipsis;">Prepared in Canada</span></div></span></div><div data-testid="price-product-tile" class="css-8atqhb"><p class="chakra-text css-0"><span class="chakra-text css-s9i4ca" data-testid="regular-price">$6.70</span></p></div><a href="/en/free-run-egg-whites/p/20821366001_EA?source=nspt" class="chakra-linkbox__overlay css-1hnz6hu"><div class="css-0"><span class="css-idkz9h">Prepared in Canada</span><p class="chakra-text css-1w3cszp" data-testid="product-brand">PC Blue Menu</p><h3 class="chakra-heading css-1wmnia2" id="20821366001_EA" data-testid="product-title">Free Run Egg Whites</h3><p class="chakra-text css-1qnxnui" data-testid="product-package-size">500 g, $1.34/100g</p></div></a><div class="css-8keand"></div></div><div class="css-1q5omjq"><div class="css-1j3tjfb"><div data-testid="atc-compact" class="css-195uh0d" style="width: 45px;"><button type="button" class="chakra-button css-pwbt36" data-testid="atc-button"><svg stroke="currentColor" fill="currentColor" stroke-width="0" viewBox="0 0 24 24" focusable="false" class="chakra-icon css-1ibud8c" data-testid="btn-icon" aria-hidden="true" height="1em" width="1em" xmlns="http://www.w3.org/2000/svg"><path d="M19 13h-6v6h-2v-6H5v-2h6V5h2v6h6v2z"></path></svg><span class="css-idkz9h">Add Free Run Egg Whites to cart</span></button></div></div></div></div></div></div><div class="css-0"><div class="css-yyn1h"><div class="chakra-linkbox css-yxqevf"><div data-testid="product-image" class="css-1llgc3i"><img alt="Conestoga Eggs White Eggs Free Run Omega-3 Large Size 18 ea, $0.58/1ea" class="chakra-image css-14hmzsy" src="https://digital.loblaws.ca/PCX/21622556001_EA/en/1/21622556001_enfr_front_v1_1200.png" srcset="https://digital.loblaws.ca/PCX/21622556001_EA/en/1/21622556001_enfr_front_v1_1200.png 1x, https://digital.loblaws.ca/PCX/21622556001_EA/en/1/21622556001_enfr_front_v1_1200.png 2x" aria-hidden="true" loading="lazy"></div><div class="css-qoklea"><div class="css-12dchmx"><span class="chakra-badge css-3cpk8a" data-testid="product-badge"><div class="css-1jkwq69"><span data-testid="startIcon" class="css-1dhlxa5"><img alt="" class="chakra-image css-1byyo0w" src="https://dis-prod.assetful.loblaw.ca/content/dam/loblaw-companies-limited/creative-assets/pc-optimum/global-list/maple-leaf-red.png" loading="lazy"></span><span style="white-space: nowrap; overflow: hidden; text-overflow: ellipsis;">Prepared in Canada</span></div></span></div><div data-testid="price-product-tile" class="css-8atqhb"><p class="chakra-text css-0"><span class="chakra-text css-s9i4ca" data-testid="regular-price">$10.49</span></p></div><a href="/en/white-eggs-free-run-omega-3-large-size/p/21622556001_EA?source=nspt" class="chakra-linkbox__overlay css-1hnz6hu"><div class="css-0"><span class="css-idkz9h">Prepared in Canada</span><p class="chakra-text css-1w3cszp" data-testid="product-brand">Conestoga Eggs</p><h3 class="chakra-heading css-1wmnia2" id="21622556001_EA" data-testid="product-title">White Eggs Free Run Omega-3 Large Size</h3><p class="chakra-text css-1qnxnui" data-testid="product-package-size">18 ea, $0.58/1ea</p></div></a><div class="css-8keand"></div></div><div class="css-1q5omjq"><div class="css-1j3tjfb"><div data-testid="atc-compact" class="css-195uh0d" style="width: 45px;"><button type="button" class="chakra-button css-pwbt36" data-testid="atc-button"><svg stroke="currentColor" fill="currentColor" stroke-width="0" viewBox="0 0 24 24" focusable="false" class="chakra-icon css-1ibud8c" data-testid="btn-icon" aria-hidden="true" height="1em" width="1em" xmlns="http://www.w3.org/2000/svg"><path d="M19 13h-6v6h-2v-6H5v-2h6V5h2v6h6v2z"></path></svg><span class="css-idkz9h">Add White Eggs Free Run Omega-3 Large Size to cart</span></button></div></div></div></div></div></div><div class="css-0"><div class="css-yyn1h"><div class="chakra-linkbox css-yxqevf"><div data-testid="product-image" class="css-1llgc3i"><img alt="Burnbrae Farms Naturegg Omega 3 White Eggs 6 ea, $0.68/1ea" class="chakra-image css-14hmzsy" src="https://digital.loblaws.ca/PCX/20815567001_EA/en/1/20815567001_en_front_1200.png" srcset="https://digital.loblaws.ca/PCX/20815567001_EA/en/1/20815567001_en_front_1200.png 1x, https://digital.loblaws.ca/PCX/20815567001_EA/en/1/20815567001_en_front_1200.png 2x" aria-hidden="true" loading="lazy"></div><div class="css-qoklea"><div class="css-12dchmx"><span class="chakra-badge css-3cpk8a" data-testid="product-badge"><div class="css-1jkwq69"><span data-testid="startIcon" class="css-1dhlxa5"><img alt="" class="chakra-image css-1byyo0w" src="https://dis-prod.assetful.loblaw.ca/content/dam/loblaw-companies-limited/creative-assets/pc-optimum/global-list/maple-leaf-red.png" loading="lazy"></span><span style="white-space: nowrap; overflow: hidden; text-overflow: ellipsis;">Prepared in Canada</span></div></span></div><div data-testid="price-product-tile" class="css-8atqhb"><p class="chakra-text css-0"><span class="chakra-text css-s9i4ca" data-testid="regular-price">$4.09</span></p></div><a href="/en/naturegg-omega-3-white-eggs/p/20815567001_EA?source=nspt" class="chakra-linkbox__overlay css-1hnz6hu"><div class="css-0"><span class="css-idkz9h">Prepared in Canada</span><p class="chakra-text css-1w3cszp" data-testid="product-brand">Burnbrae Farms</p><h3 class="chakra-heading css-1wmnia2" id="20815567001_EA" data-testid="product-title">Naturegg Omega 3 White Eggs</h3><p class="chakra-text css-1qnxnui" data-testid="product-package-size">6 ea, $0.68/1ea</p></div></a><div class="css-8keand"></div></div><div class="css-1q5omjq"><div class="css-1j3tjfb"><div data-testid="atc-compact" class="css-195uh0d" style="width: 45px;"><button type="button" class="chakra-button css-pwbt36" data-testid="atc-button"><svg stroke="currentColor" fill="currentColor" stroke-width="0" viewBox="0 0 24 24" focusable="false" class="chakra-icon css-1ibud8c" data-testid="btn-icon" aria-hidden="true" height="1em" width="1em" xmlns="http://www.w3.org/2000/svg"><path d="M19 13h-6v6h-2v-6H5v-2h6V5h2v6h6v2z"></path></svg><span class="css-idkz9h">Add Naturegg Omega 3 White Eggs to cart</span></button></div></div></div></div></div></div><div class="css-0"><div class="css-yyn1h"><div class="chakra-linkbox css-yxqevf"><div data-testid="product-image" class="css-1llgc3i"><img alt="Burnbrae Farms Naturegg Simply Egg Whites 1 ea, $1.00/100ml" class="chakra-image css-14hmzsy" src="https://digital.loblaws.ca/PCX/20820355001_EA/en/1/6565100249_en_front_centre_marketing_GS1_Ecommerce_1200.png" srcset="https://digital.loblaws.ca/PCX/20820355001_EA/en/1/6565100249_en_front_centre_marketing_GS1_Ecommerce_1200.png 1x, https://digital.loblaws.ca/PCX/20820355001_EA/en/1/6565100249_en_front_centre_marketing_GS1_Ecommerce_1200.png 2x" aria-hidden="true" loading="lazy"></div><div class="css-qoklea"><div class="css-12dchmx"><span class="chakra-badge css-3cpk8a" data-testid="product-badge"><div class="css-1jkwq69"><span data-testid="startIcon" class="css-1dhlxa5"><img alt="" class="chakra-image css-1byyo0w" src="https://dis-prod.assetful.loblaw.ca/content/dam/loblaw-companies-limited/creative-assets/pc-optimum/global-list/maple-leaf-red.png" loading="lazy"></span><span style="white-space: nowrap; overflow: hidden; text-overflow: ellipsis;">Prepared in Canada</span></div></span></div><div data-testid="price-product-tile" class="css-8atqhb"><p class="chakra-text css-0"><span class="chakra-text css-1u2vzcm" data-testid="sale-price"><span class="css-idkz9h">sale</span>$5.00</span><span class="chakra-text css-laxlzt" data-testid="was-price"><span class="css-idkz9h">was</span>$5.79</span></p><p class="chakra-text css-1wb7jtr" data-testid="price-descriptor">SAVE $0.79</p></div><a href="/en/naturegg-simply-egg-whites/p/20820355001_EA?source=nspt" class="chakra-linkbox__overlay css-1hnz6hu"><div class="css-0"><span class="css-idkz9h">Prepared in Canada</span><p class="chakra-text css-1w3cszp" data-testid="product-brand">Burnbrae Farms</p><h3 class="chakra-heading css-1wmnia2" id="20820355001_EA" data-testid="product-title">Naturegg Simply Egg Whites</h3><p class="chakra-text css-1qnxnui" data-testid="product-package-size">1 ea, $1.00/100ml</p></div></a><div class="css-8keand"></div></div><div class="css-1q5omjq"><div class="css-1j3tjfb"><div data-testid="atc-compact" class="css-195uh0d" style="width: 45px;"><button type="button" class="chakra-button css-pwbt36" data-testid="atc-button"><svg stroke="currentColor" fill="currentColor" stroke-width="0" viewBox="0 0 24 24" focusable="false" class="chakra-icon css-1ibud8c" data-testid="btn-icon" aria-hidden="true" height="1em" width="1em" xmlns="http://www.w3.org/2000/svg"><path d="M19 13h-6v6h-2v-6H5v-2h6V5h2v6h6v2z"></path></svg><span class="css-idkz9h">Add Naturegg Simply Egg Whites to cart</span></button></div></div></div></div></div></div><div class="css-0"><div class="css-yyn1h"><div class="chakra-linkbox css-yxqevf"><div data-testid="product-image" class="css-1llgc3i"><img alt="Burnbrae Farms Naturegg Free Run Eggs, Large 6 ea, $0.73/1ea" class="chakra-image css-14hmzsy" src="https://digital.loblaws.ca/PCX/20815566001_EA/en/1/20815566001_en_front_1200.png" srcset="https://digital.loblaws.ca/PCX/20815566001_EA/en/1/20815566001_en_front_1200.png 1x, https://digital.loblaws.ca/PCX/20815566001_EA/en/1/20815566001_en_front_1200.png 2x" aria-hidden="true" loading="lazy"></div><div class="css-qoklea"><div class="css-12dchmx"><span class="chakra-badge css-3cpk8a" data-testid="product-badge"><div class="css-1jkwq69"><span data-testid="startIcon" class="css-1dhlxa5"><img alt="" class="chakra-image css-1byyo0w" src="https://dis-prod.assetful.loblaw.ca/content/dam/loblaw-companies-limited/creative-assets/pc-optimum/global-list/maple-leaf-red.png" loading="lazy"></span><span style="white-space: nowrap; overflow: hidden; text-overflow: ellipsis;">Prepared in Canada</span></div></span></div><div data-testid="price-product-tile" class="css-8atqhb"><p class="chakra-text css-0"><span class="chakra-text css-s9i4ca" data-testid="regular-price">$4.39</span></p></div><a href="/en/naturegg-free-run-eggs-large/p/20815566001_EA?source=nspt" class="chakra-linkbox__overlay css-1hnz6hu"><div class="css-0"><span class="css-idkz9h">Prepared in Canada</span><p class="chakra-text css-1w3cszp" data-testid="product-brand">Burnbrae Farms</p><h3 class="chakra-heading css-1wmnia2" id="20815566001_EA" data-testid="product-title">Naturegg Free Run Eggs, Large</h3><p class="chakra-text css-1qnxnui" data-testid="product-package-size">6 ea, $0.73/1ea</p></div></a><div class="css-8keand"></div></div><div class="css-1q5omjq"><div class="css-1j3tjfb"><div data-testid="atc-compact" class="css-195uh0d" style="width: 45px;"><button type="button" class="chakra-button css-pwbt36" data-testid="atc-button"><svg stroke="currentColor" fill="currentColor" stroke-width="0" viewBox="0 0 24 24" focusable="false" class="chakra-icon css-1ibud8c" data-testid="btn-icon" aria-hidden="true" height="1em" width="1em" xmlns="http://www.w3.org/2000/svg"><path d="M19 13h-6v6h-2v-6H5v-2h6V5h2v6h6v2z"></path></svg><span class="css-idkz9h">Add Naturegg Free Run Eggs, Large to cart</span></button></div></div></div></div></div></div><div class="css-0"><div class="css-yyn1h"><div class="chakra-linkbox css-yxqevf"><div data-testid="product-image" class="css-1llgc3i"><img alt="Burnbrae Farms Naturegg Omega 3 Brown Eggs, Large 12 ea, $0.61/1ea" class="chakra-image css-14hmzsy" src="https://digital.loblaws.ca/PCX/20815722001_EA/en/1/20815722001_en_front_1200.png" srcset="https://digital.loblaws.ca/PCX/20815722001_EA/en/1/20815722001_en_front_1200.png 1x, https://digital.loblaws.ca/PCX/20815722001_EA/en/1/20815722001_en_front_1200.png 2x" aria-hidden="true" loading="lazy"></div><div class="css-qoklea"><div class="css-12dchmx"><span class="chakra-badge css-3cpk8a" data-testid="product-badge"><div class="css-1jkwq69"><span data-testid="startIcon" class="css-1dhlxa5"><img alt="" class="chakra-image css-1byyo0w" src="https://dis-prod.assetful.loblaw.ca/content/dam/loblaw-companies-limited/creative-assets/pc-optimum/global-list/maple-leaf-red.png" loading="lazy"></span><span style="white-space: nowrap; overflow: hidden; text-overflow: ellipsis;">Prepared in Canada</span></div></span></div><div data-testid="price-product-tile" class="css-8atqhb"><p class="chakra-text css-0"><span class="chakra-text css-s9i4ca" data-testid="regular-price">$7.29</span></p></div><a href="/en/naturegg-omega-3-brown-eggs-large/p/20815722001_EA?source=nspt" class="chakra-linkbox__overlay css-1hnz6hu"><div class="css-0"><span class="css-idkz9h">Prepared in Canada</span><p class="chakra-text css-1w3cszp" data-testid="product-brand">Burnbrae Farms</p><h3 class="chakra-heading css-1wmnia2" id="20815722001_EA" data-testid="product-title">Naturegg Omega 3 Brown Eggs, Large</h3><p class="chakra-text css-1qnxnui" data-testid="product-package-size">12 ea, $0.61/1ea</p></div></a><div class="css-8keand"></div></div><div class="css-1q5omjq"><div class="css-1j3tjfb"><div data-testid="atc-compact" class="css-195uh0d" style="width: 45px;"><button type="button" class="chakra-button css-pwbt36" data-testid="atc-button"><svg stroke="currentColor" fill="currentColor" stroke-width="0" viewBox="0 0 24 24" focusable="false" class="chakra-icon css-1ibud8c" data-testid="btn-icon" aria-hidden="true" height="1em" width="1em" xmlns="http://www.w3.org/2000/svg"><path d="M19 13h-6v6h-2v-6H5v-2h6V5h2v6h6v2z"></path></svg><span class="css-idkz9h">Add Naturegg Omega 3 Brown Eggs, Large to cart</span></button></div></div></div></div></div></div><div class="css-0"><div class="css-yyn1h"><div class="chakra-linkbox css-yxqevf"><div data-testid="product-image" class="css-1llgc3i"><img alt="Burnbrae Farms Naturegg Free Run Egg Whites 1 ea, $1.00/100g $0.45/1lb" class="chakra-image css-14hmzsy" src="https://digital.loblaws.ca/PCX/20820130001_EA/en/1/6565100526_en_front_centre_marketing_GS1_Ecommerce_1200.png" srcset="https://digital.loblaws.ca/PCX/20820130001_EA/en/1/6565100526_en_front_centre_marketing_GS1_Ecommerce_1200.png 1x, https://digital.loblaws.ca/PCX/20820130001_EA/en/1/6565100526_en_front_centre_marketing_GS1_Ecommerce_1200.png 2x" aria-hidden="true" loading="lazy"></div><div class="css-qoklea"><div class="css-12dchmx"><span class="chakra-badge css-3cpk8a" data-testid="product-badge"><div class="css-1jkwq69"><span data-testid="startIcon" class="css-1dhlxa5"><img alt="" class="chakra-image css-1byyo0w" src="https://dis-prod.assetful.loblaw.ca/content/dam/loblaw-companies-limited/creative-assets/pc-optimum/global-list/maple-leaf-red.png" loading="lazy"></span><span style="white-space: nowrap; overflow: hidden; text-overflow: ellipsis;">Prepared in Canada</span></div></span></div><div data-testid="price-product-tile" class="css-8atqhb"><p class="chakra-text css-0"><span class="chakra-text css-1u2vzcm" data-testid="sale-price"><span class="css-idkz9h">sale</span>$5.00</span><span class="chakra-text css-laxlzt" data-testid="was-price"><span class="css-idkz9h">was</span>$5.79</span></p><p class="chakra-text css-1wb7jtr" data-testid="price-descriptor">SAVE $0.79</p></div><a href="/en/naturegg-free-run-egg-whites/p/20820130001_EA?source=nspt" class="chakra-linkbox__overlay css-1hnz6hu"><div class="css-0"><span class="css-idkz9h">Prepared in Canada</span><p class="chakra-text css-1w3cszp" data-testid="product-brand">Burnbrae Farms</p><h3 class="chakra-heading css-1wmnia2" id="20820130001_EA" data-testid="product-title">Naturegg Free Run Egg Whites</h3><p class="chakra-text css-1qnxnui" data-testid="product-package-size">1 ea, $1.00/100g $0.45/1lb</p></div></a><div class="css-8keand"></div></div><div class="css-1q5omjq"><div class="css-1j3tjfb"><div data-testid="atc-compact" class="css-195uh0d" style="width: 45px;"><button type="button" class="chakra-button css-pwbt36" data-testid="atc-button"><svg stroke="currentColor" fill="currentColor" stroke-width="0" viewBox="0 0 24 24" focusable="false" class="chakra-icon css-1ibud8c" data-testid="btn-icon" aria-hidden="true" height="1em" width="1em" xmlns="http://www.w3.org/2000/svg"><path d="M19 13h-6v6h-2v-6H5v-2h6V5h2v6h6v2z"></path></svg><span class="css-idkz9h">Add Naturegg Free Run Egg Whites to cart</span></button></div></div></div></div></div></div><div class="css-0"><div class="css-yyn1h"><div class="chakra-linkbox css-yxqevf"><div data-testid="product-image" class="css-1llgc3i"><img alt="Burnbrae Farms Naturegg Free Run Omega 3 Eggs 12 ea, $0.66/1ea" class="chakra-image css-14hmzsy" src="https://digital.loblaws.ca/PCX/20816074001_EA/en/1/6565100429_enfr_front_centre_marketing_GS1_Ecommerce_1200.png" srcset="https://digital.loblaws.ca/PCX/20816074001_EA/en/1/6565100429_enfr_front_centre_marketing_GS1_Ecommerce_1200.png 1x, https://digital.loblaws.ca/PCX/20816074001_EA/en/1/6565100429_enfr_front_centre_marketing_GS1_Ecommerce_1200.png 2x" aria-hidden="true" loading="lazy"></div><div class="css-qoklea"><div class="css-12dchmx"><span class="chakra-badge css-3cpk8a" data-testid="product-badge"><div class="css-1jkwq69"><span data-testid="startIcon" class="css-1dhlxa5"><img alt="" class="chakra-image css-1byyo0w" src="https://dis-prod.assetful.loblaw.ca/content/dam/loblaw-companies-limited/creative-assets/pc-optimum/global-list/maple-leaf-red.png" loading="lazy"></span><span style="white-space: nowrap; overflow: hidden; text-overflow: ellipsis;">Prepared in Canada</span></div></span></div><div data-testid="price-product-tile" class="css-8atqhb"><p class="chakra-text css-0"><span class="chakra-text css-s9i4ca" data-testid="regular-price">$7.89</span></p></div><a href="/en/naturegg-free-run-omega-3-eggs/p/20816074001_EA?source=nspt" class="chakra-linkbox__overlay css-1hnz6hu"><div class="css-0"><span class="css-idkz9h">Prepared in Canada</span><p class="chakra-text css-1w3cszp" data-testid="product-brand">Burnbrae Farms</p><h3 class="chakra-heading css-1wmnia2" id="20816074001_EA" data-testid="product-title">Naturegg Free Run Omega 3 Eggs</h3><p class="chakra-text css-1qnxnui" data-testid="product-package-size">12 ea, $0.66/1ea</p></div></a><div class="css-8keand"></div></div><div class="css-1q5omjq"><div class="css-1j3tjfb"><div data-testid="atc-compact" class="css-195uh0d" style="width: 45px;"><button type="button" class="chakra-button css-pwbt36" data-testid="atc-button"><svg stroke="currentColor" fill="currentColor" stroke-width="0" viewBox="0 0 24 24" focusable="false" class="chakra-icon css-1ibud8c" data-testid="btn-icon" aria-hidden="true" height="1em" width="1em" xmlns="http://www.w3.org/2000/svg"><path d="M19 13h-6v6h-2v-6H5v-2h6V5h2v6h6v2z"></path></svg><span class="css-idkz9h">Add Naturegg Free Run Omega 3 Eggs to cart</span></button></div></div></div></div></div></div><div class="css-0"><div class="css-yyn1h"><div class="chakra-linkbox css-yxqevf"><div data-testid="product-image" class="css-1llgc3i"><img alt="President's Choice Extra Large Free Run Brown Eggs 12 ea, $0.63/1ea" class="chakra-image css-14hmzsy" src="https://digital.loblaws.ca/PCX/20813937001_EA/en/1/20813937001_en_front_1200.png" srcset="https://digital.loblaws.ca/PCX/20813937001_EA/en/1/20813937001_en_front_1200.png 1x, https://digital.loblaws.ca/PCX/20813937001_EA/en/1/20813937001_en_front_1200.png 2x" aria-hidden="true" loading="lazy"></div><div class="css-qoklea"><div class="css-12dchmx"><span class="chakra-badge css-3cpk8a" data-testid="product-badge"><div class="css-1jkwq69"><span data-testid="startIcon" class="css-1dhlxa5"><img alt="" class="chakra-image css-1byyo0w" src="https://dis-prod.assetful.loblaw.ca/content/dam/loblaw-companies-limited/creative-assets/pc-optimum/global-list/maple-leaf-red.png" loading="lazy"></span><span style="white-space: nowrap; overflow: hidden; text-overflow: ellipsis;">Prepared in Canada</span></div></span></div><div data-testid="price-product-tile" class="css-8atqhb"><p class="chakra-text css-0"><span class="chakra-text css-s9i4ca" data-testid="regular-price">$7.59</span></p></div><a href="/en/extra-large-free-run-brown-eggs/p/20813937001_EA?source=nspt" class="chakra-linkbox__overlay css-1hnz6hu"><div class="css-0"><span class="css-idkz9h">Prepared in Canada</span><p class="chakra-text css-1w3cszp" data-testid="product-brand">President's Choice</p><h3 class="chakra-heading css-1wmnia2" id="20813937001_EA" data-testid="product-title">Extra Large Free Run Brown Eggs</h3><p class="chakra-text css-1qnxnui" data-testid="product-package-size">12 ea, $0.63/1ea</p></div></a><div class="css-8keand"></div></div><div class="css-1q5omjq"><div class="css-1j3tjfb"><div data-testid="atc-compact" class="css-195uh0d" style="width: 45px;"><button type="button" class="chakra-button css-pwbt36" data-testid="atc-button"><svg stroke="currentColor" fill="currentColor" stroke-width="0" viewBox="0 0 24 24" focusable="false" class="chakra-icon css-1ibud8c" data-testid="btn-icon" aria-hidden="true" height="1em" width="1em" xmlns="http://www.w3.org/2000/svg"><path d="M19 13h-6v6h-2v-6H5v-2h6V5h2v6h6v2z"></path></svg><span class="css-idkz9h">Add Extra Large Free Run Brown Eggs to cart</span></button></div></div></div></div></div></div><div class="css-0"><div class="css-yyn1h"><div class="chakra-linkbox css-yxqevf"><div data-testid="product-image" class="css-1llgc3i"><img alt="Burnbrae Farms Egg Creations, Original 500 g, $1.16/100g" class="chakra-image css-14hmzsy" src="https://digital.loblaws.ca/PCX/20820690001_EA/en/1/6565100345_en_front_centre_marketing_A_1_GS1_Ecommerce_1200.png" srcset="https://digital.loblaws.ca/PCX/20820690001_EA/en/1/6565100345_en_front_centre_marketing_A_1_GS1_Ecommerce_1200.png 1x, https://digital.loblaws.ca/PCX/20820690001_EA/en/1/6565100345_en_front_centre_marketing_A_1_GS1_Ecommerce_1200.png 2x" aria-hidden="true" loading="lazy"></div><div class="css-qoklea"><div class="css-12dchmx"><span class="chakra-badge css-3cpk8a" data-testid="product-badge"><div class="css-1jkwq69"><span data-testid="startIcon" class="css-1dhlxa5"><img alt="" class="chakra-image css-1byyo0w" src="https://dis-prod.assetful.loblaw.ca/content/dam/loblaw-companies-limited/creative-assets/pc-optimum/global-list/maple-leaf-red.png" loading="lazy"></span><span style="white-space: nowrap; overflow: hidden; text-overflow: ellipsis;">Prepared in Canada</span></div></span></div><div data-testid="price-product-tile" class="css-8atqhb"><p class="chakra-text css-0"><span class="chakra-text css-s9i4ca" data-testid="regular-price">$5.79</span></p></div><a href="/en/egg-creations-original/p/20820690001_EA?source=nspt" class="chakra-linkbox__overlay css-1hnz6hu"><div class="css-0"><span class="css-idkz9h">Prepared in Canada</span><p class="chakra-text css-1w3cszp" data-testid="product-brand">Burnbrae Farms</p><h3 class="chakra-heading css-1wmnia2" id="20820690001_EA" data-testid="product-title">Egg Creations, Original</h3><p class="chakra-text css-1qnxnui" data-testid="product-package-size">500 g, $1.16/100g</p></div></a><div class="css-8keand"></div></div><div class="css-1q5omjq"><div class="css-1j3tjfb"><div data-testid="atc-compact" class="css-195uh0d" style="width: 45px;"><button type="button" class="chakra-button css-pwbt36" data-testid="atc-button"><svg stroke="currentColor" fill="currentColor" stroke-width="0" viewBox="0 0 24 24" focusable="false" class="chakra-icon css-1ibud8c" data-testid="btn-icon" aria-hidden="true" height="1em" width="1em" xmlns="http://www.w3.org/2000/svg"><path d="M19 13h-6v6h-2v-6H5v-2h6V5h2v6h6v2z"></path></svg><span class="css-idkz9h">Add Egg Creations, Original to cart</span></button></div></div></div></div></div></div><div class="css-0"><div class="css-yyn1h"><div class="chakra-linkbox css-yxqevf"><div data-testid="product-image" class="css-1llgc3i"><img alt="Burnbrae Farms Naturegg NestlaidOmega 3 Large Size 12 Eggs 12 ea, $5.50/1ea" class="chakra-image css-14hmzsy" src="https://digital.loblaws.ca/PCX/21069384001_EA/en/1/6565100830_enfr_front_centre_marketing_GS1_Ecommerce_1200.png" srcset="https://digital.loblaws.ca/PCX/21069384001_EA/en/1/6565100830_enfr_front_centre_marketing_GS1_Ecommerce_1200.png 1x, https://digital.loblaws.ca/PCX/21069384001_EA/en/1/6565100830_enfr_front_centre_marketing_GS1_Ecommerce_1200.png 2x" aria-hidden="true" loading="lazy"></div><div class="css-qoklea"><div class="css-12dchmx"><span class="chakra-badge css-3cpk8a" data-testid="product-badge"><div class="css-1jkwq69"><span data-testid="startIcon" class="css-1dhlxa5"><img alt="" class="chakra-image css-1byyo0w" src="https://dis-prod.assetful.loblaw.ca/content/dam/loblaw-companies-limited/creative-assets/pc-optimum/global-list/maple-leaf-red.png" loading="lazy"></span><span style="white-space: nowrap; overflow: hidden; text-overflow: ellipsis;">Prepared in Canada</span></div></span></div><div data-testid="price-product-tile" class="css-8atqhb"><p class="chakra-text css-0"><span class="chakra-text css-1u2vzcm" data-testid="sale-price"><span class="css-idkz9h">sale</span>$5.50</span><span class="chakra-text css-laxlzt" data-testid="was-price"><span class="css-idkz9h">was</span>$6.65</span></p><p class="chakra-text css-1wb7jtr" data-testid="price-descriptor">SAVE $1.15</p></div><a href="/en/naturegg-nestlaidomega-3-large-size-12-eggs/p/21069384001_EA?source=nspt" class="chakra-linkbox__overlay css-1hnz6hu"><div class="css-0"><span class="css-idkz9h">Prepared in Canada</span><p class="chakra-text css-1w3cszp" data-testid="product-brand">Burnbrae Farms</p><h3 class="chakra-heading css-1wmnia2" id="21069384001_EA" data-testid="product-title">Naturegg NestlaidOmega 3 Large Size 12 Eggs</h3><p class="chakra-text css-1qnxnui" data-testid="product-package-size">12 ea, $5.50/1ea</p></div></a><div class="css-8keand"></div></div><div class="css-1q5omjq"><div class="css-1j3tjfb"><div data-testid="atc-compact" class="css-195uh0d" style="width: 45px;"><button type="button" class="chakra-button css-pwbt36" data-testid="atc-button"><svg stroke="currentColor" fill="currentColor" stroke-width="0" viewBox="0 0 24 24" focusable="false" class="chakra-icon css-1ibud8c" data-testid="btn-icon" aria-hidden="true" height="1em" width="1em" xmlns="http://www.w3.org/2000/svg"><path d="M19 13h-6v6h-2v-6H5v-2h6V5h2v6h6v2z"></path></svg><span class="css-idkz9h">Add Naturegg NestlaidOmega 3 Large Size 12 Eggs to cart</span></button></div></div></div></div></div></div><div class="css-0"><div class="css-yyn1h"><div class="chakra-linkbox css-yxqevf"><div data-testid="product-image" class="css-1llgc3i"><img alt="Rowe Farms Green Valley Omega 3 Eggs, Large 12 ea, $6.39/1ea" class="chakra-image css-14hmzsy" src="https://digital.loblaws.ca/PCX/20974459001_EA/en/1/20974459001_en_front_1200.png" srcset="https://digital.loblaws.ca/PCX/20974459001_EA/en/1/20974459001_en_front_1200.png 1x, https://digital.loblaws.ca/PCX/20974459001_EA/en/1/20974459001_en_front_1200.png 2x" aria-hidden="true" loading="lazy"></div><div class="css-qoklea"><div class="css-12dchmx"><span class="chakra-badge css-3cpk8a" data-testid="product-badge"><div class="css-1jkwq69"><span data-testid="startIcon" class="css-1dhlxa5"><img alt="" class="chakra-image css-1byyo0w" src="https://dis-prod.assetful.loblaw.ca/content/dam/loblaw-companies-limited/creative-assets/pc-optimum/global-list/maple-leaf-red.png" loading="lazy"></span><span style="white-space: nowrap; overflow: hidden; text-overflow: ellipsis;">Prepared in Canada</span></div></span></div><div data-testid="price-product-tile" class="css-8atqhb"><p class="chakra-text css-0"><span class="chakra-text css-s9i4ca" data-testid="regular-price">$6.39</span></p></div><a href="/en/green-valley-omega-3-eggs-large/p/20974459001_EA?source=nspt" class="chakra-linkbox__overlay css-1hnz6hu"><div class="css-0"><span class="css-idkz9h">Prepared in Canada</span><p class="chakra-text css-1w3cszp" data-testid="product-brand">Rowe Farms</p><h3 class="chakra-heading css-1wmnia2" id="20974459001_EA" data-testid="product-title">Green Valley Omega 3 Eggs, Large</h3><p class="chakra-text css-1qnxnui" data-testid="product-package-size">12 ea, $6.39/1ea</p></div></a><div class="css-8keand"></div></div><div class="css-1q5omjq"><div class="css-1j3tjfb"><div data-testid="atc-compact" class="css-195uh0d" style="width: 45px;"><button type="button" class="chakra-button css-pwbt36" data-testid="atc-button"><svg stroke="currentColor" fill="currentColor" stroke-width="0" viewBox="0 0 24 24" focusable="false" class="chakra-icon css-1ibud8c" data-testid="btn-icon" aria-hidden="true" height="1em" width="1em" xmlns="http://www.w3.org/2000/svg"><path d="M19 13h-6v6h-2v-6H5v-2h6V5h2v6h6v2z"></path></svg><span class="css-idkz9h">Add Green Valley Omega 3 Eggs, Large to cart</span></button></div></div></div></div></div></div><div class="css-0"><div class="css-yyn1h"><div class="chakra-linkbox css-yxqevf"><div data-testid="product-image" class="css-1llgc3i"><img alt="PC Organics Medium Size Free-Range Brown Eggs  12 ea, $0.65/1ea" class="chakra-image css-14hmzsy" src="https://digital.loblaws.ca/PCX/20818960001_EA/en/1/20818960001_en_front_1200.png" srcset="https://digital.loblaws.ca/PCX/20818960001_EA/en/1/20818960001_en_front_1200.png 1x, https://digital.loblaws.ca/PCX/20818960001_EA/en/1/20818960001_en_front_1200.png 2x" aria-hidden="true" loading="lazy"></div><div class="css-qoklea"><div class="css-12dchmx"><span class="chakra-badge css-3cpk8a" data-testid="product-badge"><div class="css-1jkwq69"><span data-testid="startIcon" class="css-1dhlxa5"><img alt="" class="chakra-image css-1byyo0w" src="https://dis-prod.assetful.loblaw.ca/content/dam/loblaw-companies-limited/creative-assets/pc-optimum/global-list/maple-leaf-red.png" loading="lazy"></span><span style="white-space: nowrap; overflow: hidden; text-overflow: ellipsis;">Prepared in Canada</span></div></span></div><div data-testid="price-product-tile" class="css-8atqhb"><p class="chakra-text css-0"><span class="chakra-text css-s9i4ca" data-testid="regular-price">$7.79</span></p></div><a href="/en/medium-size-free-range-brown-eggs/p/20818960001_EA?source=nspt" class="chakra-linkbox__overlay css-1hnz6hu"><div class="css-0"><span class="css-idkz9h">Prepared in Canada</span><p class="chakra-text css-1w3cszp" data-testid="product-brand">PC Organics</p><h3 class="chakra-heading css-1wmnia2" id="20818960001_EA" data-testid="product-title">Medium Size Free-Range Brown Eggs </h3><p class="chakra-text css-1qnxnui" data-testid="product-package-size">12 ea, $0.65/1ea</p></div></a><div class="css-8keand"></div></div><div class="css-1q5omjq"><div class="css-1j3tjfb"><div data-testid="atc-compact" class="css-195uh0d" style="width: 45px;"><button disabled="" type="button" class="chakra-button css-qyla5x" data-testid="atc-button"><svg stroke="currentColor" fill="currentColor" stroke-width="0" viewBox="0 0 24 24" focusable="false" class="chakra-icon css-1etxmt6" data-testid="btn-icon" aria-hidden="true" height="1em" width="1em" xmlns="http://www.w3.org/2000/svg"><path d="M19 13h-6v6h-2v-6H5v-2h6V5h2v6h6v2z"></path></svg><span class="css-idkz9h">Add Medium Size Free-Range Brown Eggs  to cart</span></button></div></div><div class="css-1wazsvo"><p class="chakra-text css-m8vflk" data-testid="inventory-badge-text">Out of Stock</p></div></div></div></div></div></div><div class="chakra-stack css-1ei4sqy"><div aria-label="Pagination" data-testid="pagination" class="css-12c5bzw"><a class="chakra-link css-1ckaciw" disabled="" aria-label="Previous Page" aria-disabled="true" role="link"><svg stroke="currentColor" fill="currentColor" stroke-width="0" viewBox="0 0 24 24" focusable="false" class="chakra-icon css-13otjrl" aria-hidden="true" height="1em" width="1em" xmlns="http://www.w3.org/2000/svg"><path d="M20 11H7.83l5.59-5.59L12 4l-8 8 8 8 1.41-1.41L7.83 13H20v-2z"></path></svg></a><a class="chakra-link css-h0qkbs" href="?page=1" aria-label="Page 1" aria-current="true">1</a><a class="chakra-link css-173xw1a" href="?page=2" aria-label="Page 2">2</a><a class="chakra-link css-173xw1a" href="?page=3" aria-label="Page 3">3</a><a class="chakra-link css-173xw1a" href="?page=4" aria-label="Page 4">4</a><a class="chakra-link css-173xw1a" href="?page=5" aria-label="Page 5">5</a><a class="chakra-link css-173xw1a" href="?page=6" aria-label="Page 6">6</a><div data-testid="pagination-ellipsis" class="css-1twl888">…</div><a class="chakra-link css-173xw1a" href="?page=38" aria-label="Page 38">38</a><a class="chakra-link css-173xw1a" href="?page=39" aria-label="Page 39">39</a><a class="chakra-link css-1ckaciw" href="?page=2" aria-label="Next Page" aria-disabled="false" role="link"><svg stroke="currentColor" fill="currentColor" stroke-width="0" viewBox="0 0 24 24" focusable="false" class="chakra-icon css-13otjrl" aria-hidden="true" height="1em" width="1em" xmlns="http://www.w3.org/2000/svg"><path d="M12 4l-1.41 1.41L16.17 11H4v2h12.17l-5.58 5.59L12 20l8-8z"></path></svg></a></div></div></section><section><div class="chakra-container css-1kxdru8" data-testid="section"><div class="css-147ar3n"><div class="css-j7qwjs"><div class="css-2imjyh"></div><div class="css-1vsufqn"><div class="css-117go8d"><div class="css-1pzcvyn"><h4 class="chakra-heading css-8j62a8" data-testid="heading">Related Searches</h4></div></div></div></div></div><div data-testid="related-search-links" class="css-wsjae9"><a class="chakra-link css-1wys5l0" href="search?search-bar=butter" aria-label="butter">butter</a><a class="chakra-link css-1wys5l0" href="search?search-bar=milk" aria-label="milk">milk</a><a class="chakra-link css-1wys5l0" href="search?search-bar=dairy%20&amp;%20eggs" aria-label="dairy &amp; eggs">dairy &amp; eggs</a><a class="chakra-link css-1wys5l0" href="search?search-bar=bread" aria-label="bread">bread</a><a class="chakra-link css-1wys5l0" href="search?search-bar=cream" aria-label="cream">cream</a><a class="chakra-link css-1wys5l0" href="search?search-bar=whole%20eggs" aria-label="whole eggs">whole eggs</a><a class="chakra-link css-1wys5l0" href="search?search-bar=margarine" aria-label="margarine">margarine</a><a class="chakra-link css-1wys5l0" href="search?search-bar=turkey%20bacon" aria-label="turkey bacon">turkey bacon</a><a class="chakra-link css-1wys5l0" href="search?search-bar=homo%20milk" aria-label="homo milk">homo milk</a><a class="chakra-link css-1wys5l0" href="search?search-bar=english%20muffins" aria-label="english muffins">english muffins</a><a class="chakra-link css-1wys5l0" href="search?search-bar=breakfast%20sausage" aria-label="breakfast sausage">breakfast sausage</a><a class="chakra-link css-1wys5l0" href="search?search-bar=lactose%20free%20milk" aria-label="lactose free milk">lactose free milk</a><a class="chakra-link css-1wys5l0" href="search?search-bar=cheese%20slices" aria-label="cheese slices">cheese slices</a><a class="chakra-link css-1wys5l0" href="search?search-bar=skim%20milk" aria-label="skim milk">skim milk</a><a class="chakra-link css-1wys5l0" href="search?search-bar=almond%20milk" aria-label="almond milk">almond milk</a><a class="chakra-link css-1wys5l0" href="search?search-bar=cheese" aria-label="cheese">cheese</a><a class="chakra-link css-1wys5l0" href="search?search-bar=egg%20whites" aria-label="egg whites">egg whites</a><a class="chakra-link css-1wys5l0" href="search?search-bar=whole%20wheat%20bread" aria-label="whole wheat bread">whole wheat bread</a><a class="chakra-link css-1wys5l0" href="search?search-bar=cottage%20cheese" aria-label="cottage cheese">cottage cheese</a><a class="chakra-link css-1wys5l0" href="search?search-bar=bacon" aria-label="bacon">bacon</a></div></div></section></div></div></div><span id="__chakra_env" hidden=""></span></main><section data-testid="iceberg-layout-footer" id="iceberg-layout-footer"><footer class="border-t-[5px] border-t-iceberg-dark-grey font-default text-sm" data-testid="iceberg-footer" role="contentinfo" aria-label="Footer"><div class="pt-0 pb-[5px] px-5 bg-iceberg-black text-iceberg-light-grey"><div class="flex flex-col"><div class="flex justify-end mt-4 mb-[10px] gap-3"><div class="flex flex-row space-x-3" data-testid="iceberg-social-links"><a href="http://instagram.com/loblawson" rel="noopener noreferrer" target="_blank"><img alt="instagram" loading="lazy" width="24" height="24" decoding="async" data-nimg="1" style="color:transparent" srcset="/_next/image?url=https%3A%2F%2Fassets.shop.loblaws.ca%2FContentMedia%2Flsl%2Ficons%2Ficon-sm-instagram.png&amp;w=32&amp;q=75 1x, /_next/image?url=https%3A%2F%2Fassets.shop.loblaws.ca%2FContentMedia%2Flsl%2Ficons%2Ficon-sm-instagram.png&amp;w=48&amp;q=75 2x" src="/_next/image?url=https%3A%2F%2Fassets.shop.loblaws.ca%2FContentMedia%2Flsl%2Ficons%2Ficon-sm-instagram.png&amp;w=48&amp;q=75"></a><a href="http://twitter.com/loblawson" rel="noopener noreferrer" target="_blank"><img alt="twitter" loading="lazy" width="24" height="24" decoding="async" data-nimg="1" style="color:transparent" srcset="/_next/image?url=https%3A%2F%2Fassets.shop.loblaws.ca%2FContentMedia%2Flsl%2Ficons%2Ficon-sm-twitter.png&amp;w=32&amp;q=75 1x, /_next/image?url=https%3A%2F%2Fassets.shop.loblaws.ca%2FContentMedia%2Flsl%2Ficons%2Ficon-sm-twitter.png&amp;w=48&amp;q=75 2x" src="/_next/image?url=https%3A%2F%2Fassets.shop.loblaws.ca%2FContentMedia%2Flsl%2Ficons%2Ficon-sm-twitter.png&amp;w=48&amp;q=75"></a><a href="https://www.facebook.com/LoblawsON/" rel="noopener noreferrer" target="_blank"><img alt="facebook" loading="lazy" width="24" height="24" decoding="async" data-nimg="1" style="color:transparent" srcset="/_next/image?url=https%3A%2F%2Fassets.shop.loblaws.ca%2FContentMedia%2Flsl%2Ficons%2Ficon-sm-facebook.png&amp;w=32&amp;q=75 1x, /_next/image?url=https%3A%2F%2Fassets.shop.loblaws.ca%2FContentMedia%2Flsl%2Ficons%2Ficon-sm-facebook.png&amp;w=48&amp;q=75 2x" src="/_next/image?url=https%3A%2F%2Fassets.shop.loblaws.ca%2FContentMedia%2Flsl%2Ficons%2Ficon-sm-facebook.png&amp;w=48&amp;q=75"></a></div></div><div class="" data-testid="iceberg-footer-list-wrapper"><div class="hidden md:block overflow-hidden" data-testid="iceberg-footer-list-loading-desktop"><div class="grid grid-flow-col auto-cols-fr md:gap-x-8 lg:gap-20 xl:gap-28 pb-4"><div><ul class="flex flex-col overflow-hidden space-y-5"><li class="list-item px-9 py-0.5 md:p-0.5"><div class="animate-pulse w-full h-5 rounded-none bg-gray-300"></div></li><li class="list-item px-9 py-0.5 md:p-0.5"><div class="animate-pulse w-full h-5 rounded-none bg-gray-300"></div></li><li class="list-item px-9 py-0.5 md:p-0.5"><div class="animate-pulse w-full h-5 rounded-none bg-gray-300"></div></li><li class="list-item px-9 py-0.5 md:p-0.5"><div class="animate-pulse w-full h-5 rounded-none bg-gray-300"></div></li><li class="list-item px-9 py-0.5 md:p-0.5"><div class="animate-pulse w-full h-5 rounded-none bg-gray-300"></div></li><li class="list-item px-9 py-0.5 md:p-0.5"><div class="animate-pulse w-full h-5 rounded-none bg-gray-300"></div></li><li class="list-item px-9 py-0.5 md:p-0.5"><div class="animate-pulse w-full h-5 rounded-none bg-gray-300"></div></li><li class="list-item px-9 py-0.5 md:p-0.5"><div class="animate-pulse w-full h-5 rounded-none bg-gray-300"></div></li></ul></div><div><ul class="flex flex-col overflow-hidden space-y-5"><li class="list-item px-9 py-0.5 md:p-0.5"><div class="animate-pulse w-full h-5 rounded-none bg-gray-300"></div></li><li class="list-item px-9 py-0.5 md:p-0.5"><div class="animate-pulse w-full h-5 rounded-none bg-gray-300"></div></li><li class="list-item px-9 py-0.5 md:p-0.5"><div class="animate-pulse w-full h-5 rounded-none bg-gray-300"></div></li><li class="list-item px-9 py-0.5 md:p-0.5"><div class="animate-pulse w-full h-5 rounded-none bg-gray-300"></div></li><li class="list-item px-9 py-0.5 md:p-0.5"><div class="animate-pulse w-full h-5 rounded-none bg-gray-300"></div></li><li class="list-item px-9 py-0.5 md:p-0.5"><div class="animate-pulse w-full h-5 rounded-none bg-gray-300"></div></li><li class="list-item px-9 py-0.5 md:p-0.5"><div class="animate-pulse w-full h-5 rounded-none bg-gray-300"></div></li><li class="list-item px-9 py-0.5 md:p-0.5"><div class="animate-pulse w-full h-5 rounded-none bg-gray-300"></div></li></ul></div><div><ul class="flex flex-col overflow-hidden space-y-5"><li class="list-item px-9 py-0.5 md:p-0.5"><div class="animate-pulse w-full h-5 rounded-none bg-gray-300"></div></li><li class="list-item px-9 py-0.5 md:p-0.5"><div class="animate-pulse w-full h-5 rounded-none bg-gray-300"></div></li><li class="list-item px-9 py-0.5 md:p-0.5"><div class="animate-pulse w-full h-5 rounded-none bg-gray-300"></div></li><li class="list-item px-9 py-0.5 md:p-0.5"><div class="animate-pulse w-full h-5 rounded-none bg-gray-300"></div></li><li class="list-item px-9 py-0.5 md:p-0.5"><div class="animate-pulse w-full h-5 rounded-none bg-gray-300"></div></li><li class="list-item px-9 py-0.5 md:p-0.5"><div class="animate-pulse w-full h-5 rounded-none bg-gray-300"></div></li><li class="list-item px-9 py-0.5 md:p-0.5"><div class="animate-pulse w-full h-5 rounded-none bg-gray-300"></div></li><li class="list-item px-9 py-0.5 md:p-0.5"><div class="animate-pulse w-full h-5 rounded-none bg-gray-300"></div></li></ul></div><div><ul class="flex flex-col overflow-hidden space-y-5"><li class="list-item px-9 py-0.5 md:p-0.5"><div class="animate-pulse w-full h-5 rounded-none bg-gray-300"></div></li><li class="list-item px-9 py-0.5 md:p-0.5"><div class="animate-pulse w-full h-5 rounded-none bg-gray-300"></div></li><li class="list-item px-9 py-0.5 md:p-0.5"><div class="animate-pulse w-full h-5 rounded-none bg-gray-300"></div></li><li class="list-item px-9 py-0.5 md:p-0.5"><div class="animate-pulse w-full h-5 rounded-none bg-gray-300"></div></li><li class="list-item px-9 py-0.5 md:p-0.5"><div class="animate-pulse w-full h-5 rounded-none bg-gray-300"></div></li><li class="list-item px-9 py-0.5 md:p-0.5"><div class="animate-pulse w-full h-5 rounded-none bg-gray-300"></div></li><li class="list-item px-9 py-0.5 md:p-0.5"><div class="animate-pulse w-full h-5 rounded-none bg-gray-300"></div></li><li class="list-item px-9 py-0.5 md:p-0.5"><div class="animate-pulse w-full h-5 rounded-none bg-gray-300"></div></li></ul></div><div><ul class="flex flex-col overflow-hidden space-y-5"><li class="list-item px-9 py-0.5 md:p-0.5"><div class="animate-pulse w-full h-5 rounded-none bg-gray-300"></div></li><li class="list-item px-9 py-0.5 md:p-0.5"><div class="animate-pulse w-full h-5 rounded-none bg-gray-300"></div></li><li class="list-item px-9 py-0.5 md:p-0.5"><div class="animate-pulse w-full h-5 rounded-none bg-gray-300"></div></li><li class="list-item px-9 py-0.5 md:p-0.5"><div class="animate-pulse w-full h-5 rounded-none bg-gray-300"></div></li><li class="list-item px-9 py-0.5 md:p-0.5"><div class="animate-pulse w-full h-5 rounded-none bg-gray-300"></div></li><li class="list-item px-9 py-0.5 md:p-0.5"><div class="animate-pulse w-full h-5 rounded-none bg-gray-300"></div></li><li class="list-item px-9 py-0.5 md:p-0.5"><div class="animate-pulse w-full h-5 rounded-none bg-gray-300"></div></li><li class="list-item px-9 py-0.5 md:p-0.5"><div class="animate-pulse w-full h-5 rounded-none bg-gray-300"></div></li></ul></div></div></div><div class="block md:hidden max-sm:h-[273px]" data-testid="iceberg-footer-list-loading-mobile"><div class="flex flex-col py-4" data-testid="iceberg-footer-skeleton"><div class="grid grid-flow-row items-center gap-8"><div><div class="animate-pulse w-full h-[22px] rounded-none bg-gray-300"></div></div><div><div class="animate-pulse w-full h-[22px] rounded-none bg-gray-300"></div></div><div><div class="animate-pulse w-full h-[22px] rounded-none bg-gray-300"></div></div><div><div class="animate-pulse w-full h-[22px] rounded-none bg-gray-300"></div></div><div><div class="animate-pulse w-full h-[22px] rounded-none bg-gray-300"></div></div></div></div></div></div><div class="border-t border-t-iceberg-dark-grey border-dotted border-1 max-md:flex-col items-center flex flex-row text-xs py-5 justify-between"><div class="flex flex-row w-full items-center justify-center md:justify-normal"><div class="" data-testid="iceberg-legal-list-wrapper"><div class="w-full items-center" data-testid="iceberg-legal-list"><ul class="text-center md:flex md:flex-row md:flex-1 md:gap-2"><li class="inline-block leading-6 md:border-r md:border-r-1 md:border-r-iceberg-dark-grey pr-2" data-testid="iceberg-legal-list__3xHFeVxQ5AHscgkOGlTV19"><button class="inline-flex items-center justify-center whitespace-nowrap font-medium ring-inset ring-offset-background transition-colors focus:outline-none focus:ring-4 focus:ring-iceberg-mid-grey focus-visible:ring-iceberg-mid-grey focus:ring-offset-0 focus-visible:ring-offset-0 focus-visible:ring-4 disabled:pointer-events-none disabled:opacity-50 underline-offset-4 hover:underline text-xs rounded-none text-left text-iceberg-light-grey p-0 h-auto" type="button">Français</button></li><li class="inline-block leading-6 md:border-r md:border-r-1 md:border-r-iceberg-dark-grey pr-2" data-testid="iceberg-legal-list__1Kel22B04iwwHDkWYGuG4J"><button class="inline-flex items-center justify-center whitespace-nowrap font-medium ring-inset ring-offset-background transition-colors focus:outline-none focus:ring-4 focus:ring-iceberg-mid-grey focus-visible:ring-iceberg-mid-grey focus:ring-offset-0 focus-visible:ring-offset-0 focus-visible:ring-4 disabled:pointer-events-none disabled:opacity-50 underline-offset-4 hover:underline text-xs rounded-none text-left text-iceberg-light-grey p-0 h-auto" type="button"><a href="https://www.loblaw.ca/en/privacy-policy" title="Privacy Policy">Privacy Policy</a></button></li><li class="inline-block leading-6 md:border-r md:border-r-1 md:border-r-iceberg-dark-grey pr-2" data-testid="iceberg-legal-list__1m8oC437g3jhRDILfaLJtm"><button class="inline-flex items-center justify-center whitespace-nowrap font-medium ring-inset ring-offset-background transition-colors focus:outline-none focus:ring-4 focus:ring-iceberg-mid-grey focus-visible:ring-iceberg-mid-grey focus:ring-offset-0 focus-visible:ring-offset-0 focus-visible:ring-4 disabled:pointer-events-none disabled:opacity-50 underline-offset-4 hover:underline text-xs rounded-none text-left text-iceberg-light-grey p-0 h-auto" type="button"><a href="/en/termsofuse?icta=click:legal:terms-of-use" title="Terms of Use*">Terms of Use*</a></button></li><li class="inline-block leading-6 md:border-r md:border-r-1 md:border-r-iceberg-dark-grey pr-2" data-testid="iceberg-legal-list__4vAspSjPoZl2uE2GaqTG8l"><button class="inline-flex items-center justify-center whitespace-nowrap font-medium ring-inset ring-offset-background transition-colors focus:outline-none focus:ring-4 focus:ring-iceberg-mid-grey focus-visible:ring-iceberg-mid-grey focus:ring-offset-0 focus-visible:ring-offset-0 focus-visible:ring-4 disabled:pointer-events-none disabled:opacity-50 underline-offset-4 hover:underline text-xs rounded-none text-left text-iceberg-light-grey p-0 h-auto" type="button"><a href="https://www.loblaw.ca/en/accessibility-policy/" title="Accessibility">Accessibility</a></button></li></ul></div></div></div><div class="font-default text-center md:text-end md:shrink-0" data-testid="iceberg-footer-copyright"><span>© Loblaws Inc. All Rights Reserved</span></div></div></div></div></footer></section></div></div><div id="privacy-policy"></div><div aria-hidden="true" class="ad-box fixed top-0 left-0" id="test-ad"></div><script id="__NEXT_DATA__" type="application/json">{"props":{"pageProps":{"appSettingsData":{"appSettings":{"regions":[],"slug":"site-settings-loblaw","seoTitle":"Loblaws Supermarket | Grocery shop online or instore","faviconUrl":"https://assets.shop.loblaws.ca/ContentMedia/lsl/logos/64x64icon.ico","icebergMigrated":["HomeRouter","HeliosPageRouter","CLPRouter","SRPRouter"],"googleSiteVerificationCode":"kpVyoiC6EzHMVv841lc3nhxnOGd8TsAGzTcK7alBaAg","defaultStoreId":"1032","masterStoreId":"1050","staticAssetPath":"https://assets.shop.loblaws.ca/ContentMedia","isKameleoonEnabled":true,"isCookieComplianceEnabled":true,"gptKey":"21915145997","captchaSiteKey":"6LdMaBEUAAAAAMN5V5tx8BZ39W0fZYH4ExTBg68h","invisibleCaptchaSiteKey":"6LfLHyYUAAAAABklX6YlQnE63vaBH6nLIBXwntMS","adaSupportKey":"loblaws-og","globalPaymentOrigin":"https://pay.realexpayments.com","globalPaymentAccountIdSuffix":"","disableThirdPartyScripts":false,"kameleoonSiteCode":"0u99zf5tcp","cookieComplianceDomainScript":"018df550-b40e-7347-b578-fdb1edbfcb4f","isReversedLogo":true,"commonLinks":{"pcoOptimumLink":"/loyalty?navid=superheader","shoppingListLink":"/lists","stampCardsAccountLink":"/account/collect-and-save","subscribeEarnAccountLink":"/account/subscriptions","stampCardsOptInPageLink":"/collect-and-save","pcxPassLink":"/account/pc-express-pass","faqLink":"/faq?navid=superheader","ordersLink":"/account/order-history","profileLink":"/account/profile","paymentLink":"/account/payment","preferencesLink":"/account/preference","termsLink":"/termsofuse","privacyLink":"https://www.loblaw.ca/fr/privacy-policy","learnMoreLink":"/faq?category=PCID\u0026question=PCID1\u0026icta=pcid_learn_more_login_or_register#faq-PCID1%20target=_blank","locationDetailsBase":"/store-locator/details/","cartReview":"/cartReview","liveCart":"/order-dashboard/live-cart","feesLink":"/pc-express-fees"},"topSearches":["milk","eggs","cheese","bread","yogurt","chicken","ice cream","chips","bananas","butter","toilet paper","lysol","apples","cucumber","potatoes","strawberries","tomatoes","bacon","lettuce","carrots","peppers","cereal","coffee","watermelon","sour cream","peanut butter","spinach","corn","ground beef","banana","tomato","cream cheese","chicken breast","flour","rice","yeast","onion","mushrooms","blueberries","broccoli","celery","oranges","garlic","crackers","orange juice","pizza","avocado","grapes","pasta","salad","shrimp","salmon","salsa","mayo","ham","bagels","cookies","almond milk","water","popcorn","cream","onions","paper towel","buns","wipes","steak","sausage","cauliflower","hot dogs","olive oil","sugar","tuna","ketchup","cherries","chocolate","pineapple","coconut milk","greek yogurt","chocolate chips","hummus","beef","pool","fruit","coke","pickles","tortilla","lemon","hot dog buns","hand soap","pasta sauce","potato","red onion","hamburger buns","gluten free","frozen fruit","pork","cilantro","shredded cheese","zucchini","shampoo","mango","feta","cheese slices","hand sanitizer","granola bars","juice","pepperoni","cottage cheese","burgers","ginger","tofu","honey","toothpaste","asparagus","pepsi","bbq","sparkling water","oatmeal","romaine","dish soap","mozzarella","cheddar cheese","pepper","granola","jam","fish","beans","olives","sunscreen","cucumbers","turkey","salt","chicken thighs","apple","tide","bagel","peaches","tortilla chips","salami","vinegar","tortillas","green onion","candy","parmesan","chicken wings","noodles","brown sugar","potato chips","cabbage","whipping cream","lemons","mustard","meat","margarine","cheerios","paper towels","fries","mushroom","patio","peanuts","laundry detergent","bubly","soup","garbage bags","soy sauce","coleslaw","salad dressing","green beans","pizza sauce","black beans","basil","vegetables","ribs","lime","oat milk","wraps","doritos","cake","saffron","smokies","kale","sweet potato","strawberry","apple juice","english muffins","tea","raspberries","naan","pop","maple syrup","egg","tomato sauce","fan","bleach","clorox","food","frozen vegetables","cake mix","tv","almonds","hamburger","vegan","orange","kleenex","baking powder","baking soda","gloves","bbq sauce","cerave","lemonade","corn on the cob","mayonnaise","red pepper","pita","coffee cream","oats","frozen pizza","soda","carrot","pears","deli meat","kraft dinner","keto","diapers","chocolate milk","burger","hot dog","gatorade","sausages","parsley","cheddar","coconut","baby wipes","muffins","dark chocolate","pancake mix","umbrella","spaghetti","feta cheese","croutons","diet coke","limes","cat food","patio furniture","quinoa","baby food","chicken broth","coconut oil","parmesan cheese","tomato paste","chickpeas","perogies","vanilla","trail mix","oreo","lays","huggies","tostitos","nuts","pork chops","green pepper","dog food","ground turkey","green onions","body wash","popsicle","waffles","peas","becel","soil","root beer","lobster","berries","popsicles","chair","parchment paper","nutella","syrup","apple sauce","lemon juice","marble cheese","borax","french fries","snacks","pampers","goldfish","romaine lettuce","bakery","chicken breasts","soap","raisins","ginger ale","rye bread","dawn","marshmallows","activia","chicken strips","beets","kiwi","iced tea","outdoor rug","pudding","oil","club soda","vanilla extract","freezies","garlic bread","canola oil","tahini","relish","ranch","cashews","snap peas","dill","avacado","breakfast sausage","enfamil","almond butter","cranberry juice","jello","2% milk","eggplant","cat litter","blender","sanitizer","cracker barrel","pringles","instant coffee","cherry tomatoes","toothbrush","cinnamon","tomato soup","brown rice","ritz","goat cheese","rice noodles","coke zero","protein powder","rice cakes","grapefruit","deodorant","weiners","lasagna","frozen","pesto","granola bar","frozen peas","walnuts","crab","burger buns","lean ground beef","soy milk","bread flour","graham crackers","napkins","frozen corn","rice crackers","seaweed","blueberry","coca cola","macaroni","taco","thermometer","lamb","sprite","hashbrowns","whole wheat bread","spaghetti sauce","creamer","joe fresh","whole chicken","mint","whole wheat flour","alcohol","swiffer","ziploc","chicken thigh","taco seasoning","bread crumbs","gluten free bread","cherry","skim milk","miss vickies","method","coconut water","jasmine rice","english muffin","cooler","annies","always","sunflower seeds","starbucks","ground pork","diced tomatoes","pull ups","guacamole","sodastream","marshmallow","pretzels"],"regionCodeMap":{"Alberta":"CA-AB","British Columbia":"CA-BC","Colombie-Britannique":"CA-BC","Manitoba":"CA-MB","New Brunswick":"CA-NB","Nouveau-Brunswick":"CA-NB","Newfoundland and Labrador":"CA-NL","Terre-Neuve-et-Labrador":"CA-NL","Nova Scotia":"CA-NS","Nouvelle-Écosse":"CA-NS","Northwest Territories":"CA-NT","Territoires du Nord-Ouest":"CA-NT","Nunavut":"CA-NU","Ontario":"CA-ON","ON":"CA-ON","Prince Edward Island":"CA-PE","Île-du-Prince-Édouard":"CA-PE","Quebec":"CA-QC","Québec":"CA-QC","Saskatchewan":"CA-SK","Yukon":"CA-YT"},"visitorCode":"z856cnq0m8m76axp"},"breakpoints":{"sm":"640px","md":"768px","lg":"1024px","xl":"1280px","2xl":"1536px"},"contactMethods":{"links":[{"code":"instagram","link":"http://instagram.com/loblawson","icon":"https://assets.shop.loblaws.ca/ContentMedia/lsl/icons/icon-sm-instagram.png"},{"code":"twitter","link":"http://twitter.com/loblawson","icon":"https://assets.shop.loblaws.ca/ContentMedia/lsl/icons/icon-sm-twitter.png"},{"code":"facebook","link":"https://www.facebook.com/LoblawsON/","icon":"https://assets.shop.loblaws.ca/ContentMedia/lsl/icons/icon-sm-facebook.png"}]},"highAssortmentStoreId":"1050","isBannerShoppable":true,"publishedEnv":"prod","designTokens":{"uppercase":"uppercase","spBase":"0.125rem","sp00":"0rem","sp01":"0.125rem","sp02":"0.25rem","sp03":"0.5rem","sp04":"0.75rem","sp05":"1rem","sp06":"1.25rem","sp07":"1.5rem","sp08":"2rem","sp09":"2.5rem","sp10":"5rem","br00":"0px","br01":"2px","br02":"4px","br03":"8px","br04":"12px","br05":"20px","borderWidth":{"none":"0px","default":"1px","medium":"2px","thick":"4px","extraThick":"8px"},"compact":"100%","normal":"120%","tall":"150%","none":"none","underline":"underline","strikethrough":"line-through","iconSize":{"xxs":"0.75rem","xs":"0.875rem","s":"1rem","m":"1.25rem","l":"1.5rem","xl":"2.25rem","xxl":"3rem"},"tracking":{"small":"-1%","medium":"0","large":"1%","extraLarge":"2%"},"br06":"32px","breakpoint":{"xlg":"86rem","lg":"64rem","md":"56.25rem","sm":"40.625rem","xsm":"25.875rem","xxlg":"312.5rem"},"siteMargin":{"xlgDefault":"2rem","xlgNarrow":"16rem","lgDefault":"2rem","lgNarrow":"8rem","mdDefault":"2rem","mdNarrow":"8rem","smDefault":"2rem","smNarrow":"2rem","xsmDefault":"1rem","xlgWide":"2.5rem"},"25Percent":"0.25","50Percent":"0.5","75Percent":"0.75","contentMaxWidth":{"xlg":"70rem","lg":"56rem","md":"50.25rem","sm":"34rem","xsm":"23.875rem","xlgWide":"81rem"},"imageSize":{"40":"2.5rem","50":"3.125rem","60":"3.75rem","70":"4.375rem","80":"5rem","90":"5.625rem","100":"6.25rem","110":"6.875rem","120":"7.5rem","130":"8.125rem","140":"8.75rem","180":"11.25rem"},"medium":"130%","95Percent":"95%","90Opacity":"0.9","80Opacity":"0.8","100Opacity":"100%","base":"1rem","regular":"300","common":{"common01Regular":{"fontFamily":"Inter","fontWeight":"300","lineHeight":"120%","fontSize":"1.125rem","letterSpacing":"0"},"common01Bold":{"fontFamily":"Inter","fontWeight":"600","lineHeight":"120%","fontSize":"1.125rem","letterSpacing":"0"},"common02Regular":{"fontFamily":"Inter","fontWeight":"300","lineHeight":"120%","fontSize":"1rem","letterSpacing":"0"},"common02Bold":{"fontFamily":"Inter","fontWeight":"600","lineHeight":"120%","fontSize":"1rem","letterSpacing":"0"},"common03Regular":{"fontFamily":"Inter","fontWeight":"300","lineHeight":"120%","fontSize":"0.875rem","letterSpacing":"0"},"common03Bold":{"fontFamily":"Inter","fontWeight":"600","lineHeight":"120%","fontSize":"0.875rem","letterSpacing":"0"},"common04Regular":{"fontFamily":"Inter","fontWeight":"300","lineHeight":"120%","fontSize":"0.75rem","letterSpacing":"0"},"common04Bold":{"fontFamily":"Inter","fontWeight":"600","lineHeight":"120%","fontSize":"0.75rem","letterSpacing":"0"},"common05Regular":{"fontFamily":"Inter","fontWeight":"300","lineHeight":"120%","fontSize":"0.625rem","letterSpacing":"0"},"common05Bold":{"fontFamily":"Inter","fontWeight":"600","lineHeight":"120%","fontSize":"0.625rem","letterSpacing":"0"},"common01":"1.125rem","common02":"1rem","common03":"0.875rem","common04":"0.75rem","common05":"0.625rem"},"progressBar":{"borderRadius":"100px","gap":"0.25rem","text":{"fontFamily":"Inter","fontWeight":"300","lineHeight":"120%","fontSize":"0.75rem","letterSpacing":"0"},"height":"0.625rem","heightSmall":"0.25rem"},"progressStamp":{"borderAdded":"2px","gap":"0.25rem","numberText":{"fontFamily":"Inter","fontWeight":"600","lineHeight":"120%","fontSize":"0.875rem","letterSpacing":"0"},"stamperBorderRadius":"12px","stamperSize":"1.5rem","text":{"fontFamily":"Inter","fontWeight":"300","lineHeight":"120%","fontSize":"0.75rem","letterSpacing":"0"},"trackerBorder":"4px","missedSize":"1.125rem","segmentWidth":"0.313rem"},"brand":{"beautyBoutique":"#62B5E5","discount":"#003DA5","jf":"#DA3C12","market":"#333333","murale":"#8977BA","sdm":"#CB333B","pco":"#F9DADA","doorDashExclusiveHeader":"#FF3008"},"palette":{"black":"#191919","darkestGrey":"#757575","darkGrey":"#333333","midGrey":"#666b73","lightGrey":"#f0f0f0","lightestGrey":"#F5F5F5","white":"#ffffff","uiRed":"#e1251b","sdmRed":"#CB333B","lightRed":"#fefaf9","sdmBlue":"#62B5E5","uiLightBlue":"#D3EEF8","lightBlue":"#e6ecf6","navyBlue":"#1B3B4A","healthBlue":"#003C71","thoughtfulChoices":"#007FAA","uiGreen":"#467e1b","lightGreen":"#f2faea","uiOrange":"#ed8e07","lightOrange":"#fefaf3","offBlack":"#333333","none":"transparent","borderGrey":"#cccccc","uiDarkGreen":"#467e1b","pcoRed":"#AC342A","pcRed":"#e1251b","pcDarkRed":"#AE0000","pcxGreen":"#00817F","pcxDarkGreen":"#006766","pcxPurple":"#685BC7","pcxOrange":"#FFA06A","pcxLightBlue":"#A3D1EB","darkOrange":"#D57F07","goldenrod":"#FFEFD1","slimeGreen":"#F9FFD1","skyBlue":"#E2F4FF","powderPink":"#F6E6E6","pcxTeal":"#BDDDD9","pcxLightPurple":"#ECEAFF","charcoal":"#403840","yellow":"#FED700","canadared":"#e00000","seDarkGreen":"#01533D","seLightGreen":"#D3F4EC","uiBlue":"#194b9f","mustTryPurple":"#EBE0F1","maxiblue":"#004693"},"offertileheader":{"logoSize":"1.125rem","paddingVertical":"0.125rem","gap":"0.125rem","text":{"fontFamily":"Inter","fontWeight":"300","lineHeight":"120%","fontSize":"0.75rem","letterSpacing":"0"},"iconSize":"1rem"},"shoppingListItem":{"rewardTextActive":{"fontFamily":"Inter","fontWeight":"600","lineHeight":"120%","fontSize":"0.875rem","letterSpacing":"0"},"rewardTextExpired":{"fontFamily":"Inter","fontWeight":"600","lineHeight":"120%","fontSize":"0.875rem","letterSpacing":"0"},"name":{"fontFamily":"Inter","fontWeight":"300","lineHeight":"120%","fontSize":"1rem","letterSpacing":"0"},"nameChecked":{"fontFamily":"Inter","fontWeight":"300","lineHeight":"130%","fontSize":"1rem","letterSpacing":"0","textDecoration":"line-through"},"subcopy":{"fontFamily":"Inter","fontWeight":"300","lineHeight":"130%","fontSize":"0.875rem","letterSpacing":"0"},"brand":{"fontFamily":"Inter","fontWeight":"300","lineHeight":"120%","fontSize":"0.875rem","letterSpacing":"0"},"currentPrice":{"fontFamily":"Inter","fontWeight":"600","lineHeight":"120%","fontSize":"1rem","letterSpacing":"0"},"currentPriceExpired":{"fontFamily":"Inter","fontWeight":"600","lineHeight":"120%","fontSize":"1rem","letterSpacing":"0"},"completionIndicator":"2rem","image":"2.5rem","completionIndicatorIcon":"1.5rem","removeIcon":"0.875rem","border":"1px","paddingLarge":"1rem","paddingMedium":"0.5rem","emptyMaxWidth":"38rem","completionIndicatorRadius":"100px","imageInactive":"0.25"},"atc":{"borderRadius":"20px","fullBorderRadius":"4px","backgroundDefault":"#00817F","backgroundPressed":"#006766","borderDefault":"#00817F","borderPressed":"#00817F","disabled":"#f0f0f0","onDefault":"#ffffff","onPressed":"#ffffff","onDisabled":"#cccccc","buttonMaxWidth":"15rem","incrementBorderRadius":"12px","disabledIconOpacity":"0.4","inputWidth":"3.125rem","inputWidthCart":"2.5rem","compactSize":"2.5rem"},"desktop":{"large01":"3.25rem","large02":"2.5rem","large03":"2.25rem","large04":"1.5rem","desktopLarge01Bold":{"fontFamily":"Montserrat","fontWeight":"600","lineHeight":"120%","fontSize":"3.25rem","letterSpacing":"1%"},"desktopLarge02Bold":{"fontFamily":"Montserrat","fontWeight":"600","lineHeight":"120%","fontSize":"2.5rem","letterSpacing":"1%"},"desktopLarge02Regular":{"fontFamily":"Montserrat","fontWeight":"300","lineHeight":"120%","fontSize":"2.5rem","letterSpacing":"0"},"desktopLarge03Bold":{"fontFamily":"Montserrat","fontWeight":"600","lineHeight":"120%","fontSize":"2.25rem","letterSpacing":"1%"},"desktopLarge04Bold":{"fontFamily":"Montserrat","fontWeight":"600","lineHeight":"120%","fontSize":"1.5rem","letterSpacing":"1%"},"desktopLarge01":{"fontFamily":"Montserrat","fontWeight":"600","lineHeight":"120%","fontSize":"3.25rem","letterSpacing":"-1%"},"desktopLarge02":{"fontFamily":"Montserrat","fontWeight":"600","lineHeight":"120%","fontSize":"2.5rem","letterSpacing":"-1%"},"desktopLarge03":{"fontFamily":"Inter","fontWeight":"600","lineHeight":"120%","fontSize":"2.25rem","letterSpacing":"0"},"desktopLarge04":{"fontFamily":"Inter","fontWeight":"600","lineHeight":"120%","fontSize":"1.5rem","letterSpacing":"0"}},"tablet":{"large01":"2.75rem","large02":"2rem","large03":"1.75rem","large04":"1.375rem","tabletLarge01Bold":{"fontFamily":"Montserrat","fontWeight":"600","lineHeight":"120%","fontSize":"2.75rem","letterSpacing":"1%"},"tabletLarge02Bold":{"fontFamily":"Montserrat","fontWeight":"600","lineHeight":"120%","fontSize":"2rem","letterSpacing":"1%"},"tabletLarge02Regular":{"fontFamily":"Montserrat","fontWeight":"300","lineHeight":"120%","fontSize":"2rem","letterSpacing":"0"},"tabletLarge03Bold":{"fontFamily":"Montserrat","fontWeight":"600","lineHeight":"120%","fontSize":"1.75rem","letterSpacing":"1%"},"tabletLarge04Bold":{"fontFamily":"Montserrat","fontWeight":"600","lineHeight":"120%","fontSize":"1.375rem","letterSpacing":"1%"},"tabletLarge01":{"fontFamily":"Montserrat","fontWeight":"600","lineHeight":"120%","fontSize":"2.75rem","letterSpacing":"-1%"},"tabletLarge02":{"fontFamily":"Montserrat","fontWeight":"600","lineHeight":"120%","fontSize":"2rem","letterSpacing":"-1%"},"tabletLarge03":{"fontFamily":"Inter","fontWeight":"600","lineHeight":"120%","fontSize":"1.75rem","letterSpacing":"0"},"tabletLarge04":{"fontFamily":"Inter","fontWeight":"600","lineHeight":"120%","fontSize":"1.375rem","letterSpacing":"0"}},"mobile":{"large01":"2.25rem","large02":"1.75rem","large03":"1.5rem","large04":"1.25rem","mobileLarge01Bold":{"fontFamily":"Montserrat","fontWeight":"600","lineHeight":"120%","fontSize":"2.25rem","letterSpacing":"1%"},"mobileLarge02Bold":{"fontFamily":"Montserrat","fontWeight":"600","lineHeight":"120%","fontSize":"1.75rem","letterSpacing":"1%"},"mobileLarge02Regular":{"fontFamily":"Montserrat","fontWeight":"300","lineHeight":"120%","fontSize":"1.75rem","letterSpacing":"0"},"mobileLarge03Bold":{"fontFamily":"Montserrat","fontWeight":"600","lineHeight":"120%","fontSize":"1.5rem","letterSpacing":"1%"},"mobileLarge04Bold":{"fontFamily":"Montserrat","fontWeight":"600","lineHeight":"120%","fontSize":"1.25rem","letterSpacing":"1%"},"mobileLarge01":{"fontFamily":"Montserrat","fontWeight":"600","lineHeight":"120%","fontSize":"2.25rem","letterSpacing":"-1%"},"mobileLarge02":{"fontFamily":"Montserrat","fontWeight":"600","lineHeight":"120%","fontSize":"1.75rem","letterSpacing":"-1%"},"mobileLarge03":{"fontFamily":"Inter","fontWeight":"600","lineHeight":"120%","fontSize":"1.5rem","letterSpacing":"0"},"mobileLarge04":{"fontFamily":"Inter","fontWeight":"600","lineHeight":"120%","fontSize":"1.25rem","letterSpacing":"0"}},"icon":{"default":"#333333","onPrimary":"#ffffff","onInteractive":"#ffffff","onSecondary":"#333333","disabled":"#f0f0f0","star":"#D57F07","error":"#e1251b","warning":"#ed8e07","info":"#194b9f","success":"#467e1b","accent1":"#00817F","accent2":"#e1251b","accent3":"#685BC7","interactive":"#191919","deemphasized":"#666b73","onActionPrimary":"#ffffff","onActionPrimaryPressed":"#f0f0f0","onActionPrimaryDisabled":"#cccccc","onActionSecondary":"#191919","onActionSecondaryPressed":"#333333","onActionSecondaryDisabled":"#cccccc","onActionTertiary":"#00817F","onActionTertiaryPressed":"#006766","onActionTertiaryDisabled":"#cccccc","deal":"#e1251b"},"interactive":{"default":"#333333","pressed":"#666b73","selected":"#00817F","selectedPressed":"#006766","backgroundSelected":"#00817F","backgroundSelectedPressed":"#006766","backgroundDefault":"#f0f0f0","backgroundDefaultPressed":"#ffffff","error":"#e1251b","disabled":"#cccccc","onSelected":"#ffffff","deemphasized":"#666b73","menuButton":"#ffffff","backgroundHover":"#f0f0f0","backgroundDisabled":"#666b73","hover":"#757575"},"border":{"default":"#cccccc","hover":"#666b73","onPrimary":"#ffffff","onSecondary":"#191919","disabled":"#666b73","emphasized":"#333333","success":"#467e1b","error":"#e1251b","stepper":"#f0f0f0","sponsored":"#FFEFD1","accent1":"#00817F","accent2":"#e1251b","accent3":"#685BC7","actionPrimary":"#00817F","actionPrimaryPressed":"#006766","actionPrimaryDisabled":"#cccccc","actionSecondary":"#333333","actionSecondaryPressed":"#191919","actionSecondaryDisabled":"#cccccc","actionTertiary":"transparent","actionTertiaryPressed":"transparent","actionTertiaryDisabled":"transparent"},"headline":{"default":"#333333","onPrimary":"#ffffff","desktop01":{"fontFamily":"Montserrat","fontWeight":"600","lineHeight":"120%","fontSize":"3.25rem","letterSpacing":"-1%"},"desktop02":{"fontFamily":"Montserrat","fontWeight":"600","lineHeight":"120%","fontSize":"2.5rem","letterSpacing":"-1%"},"desktop03":{"fontFamily":"Inter","fontWeight":"600","lineHeight":"120%","fontSize":"2.25rem","letterSpacing":"0"},"desktop04":{"fontFamily":"Inter","fontWeight":"600","lineHeight":"120%","fontSize":"1.5rem","letterSpacing":"0"},"tablet01":{"fontFamily":"Montserrat","fontWeight":"600","lineHeight":"120%","fontSize":"2.75rem","letterSpacing":"-1%"},"tablet02":{"fontFamily":"Montserrat","fontWeight":"600","lineHeight":"120%","fontSize":"2rem","letterSpacing":"-1%"},"tablet03":{"fontFamily":"Inter","fontWeight":"600","lineHeight":"120%","fontSize":"1.75rem","letterSpacing":"0"},"tablet04":{"fontFamily":"Inter","fontWeight":"600","lineHeight":"120%","fontSize":"1.375rem","letterSpacing":"0"},"mobile01":{"fontFamily":"Montserrat","fontWeight":"600","lineHeight":"120%","fontSize":"2.25rem","letterSpacing":"-1%"},"mobile02":{"fontFamily":"Montserrat","fontWeight":"600","lineHeight":"120%","fontSize":"1.75rem","letterSpacing":"-1%"},"mobile03":{"fontFamily":"Inter","fontWeight":"600","lineHeight":"120%","fontSize":"1.5rem","letterSpacing":"0"},"mobile04":{"fontFamily":"Inter","fontWeight":"600","lineHeight":"120%","fontSize":"1.25rem","letterSpacing":"0"},"mini":{"fontFamily":"Inter","fontWeight":"600","lineHeight":"120%","fontSize":"0.875rem","letterSpacing":"0"},"accent1":"#00817F","accent2":"#685BC7"},"text":{"default":"#333333","onPrimary":"#ffffff","onSecondary":"#333333","onTertiary":"#191919","onInteractive":"#ffffff","disabled":"#cccccc","deemphasized":"#666b73","error":"#e1251b","success":"#467e1b","sale":"#e1251b","save":"#00817F","deal":"#e1251b","accent1":"#00817F","accent2":"#e1251b","accent3":"#685BC7","onActionPrimary":"#ffffff","onActionPrimaryPressed":"#f0f0f0","onActionPrimaryDisabled":"#cccccc","onActionSecondary":"#191919","onActionSecondaryPressed":"#666b73","onActionSecondaryDisabled":"#cccccc","onActionTertiary":"#00817F","onActionTertiaryPressed":"#006766","onActionTertiaryDisabled":"#cccccc","pcoText":"#AC342A"},"background":{"default":"#ffffff","mid":"#f0f0f0","brand":"#00817F","accent1":"#f2faea","accent2":"#fefaf9","accent3":"#e6ecf6","accent3Subdued":"#ECEAFF","accent3SubduedPressed":"#d4d3e6","dark":"#191919","darkPressed":"#333333","accent4":"#e6ecf6","mid50":"rgba(#f0f0f0, 0.5)"},"surface":{"default":"#ffffff","banner":"#f0f0f0","secondary":"#F5F5F5","disabled":"#f0f0f0","success":"#f2faea","error":"#fefaf9","warning":"#fefaf3","info":"#e6ecf6","sponsored":"#FFEFD1","overlay":"#000000","accent1":"#FFEFD1","accent2":"#E2F4FF","accent3":"#f2faea","chatBubble":"#F0F5FF","dark":"#333333","accent4":"#F6E6E6","accent5":"#BDDDD9","primary":"#e1251b"},"button":{"smallVertical":"0.25rem","smallHorizontal":"0.5rem","smallText":{"fontFamily":"Inter","fontWeight":"300","lineHeight":"120%","fontSize":"0.75rem","letterSpacing":"0"},"borderRadius":"4px","smallIcon":"0.875rem","mediumIcon":"1rem","smallInterior":"0.25rem","mediumVertical":"0.25rem","mediumHorizontal":"0.5rem","mediumInterior":"0.25rem","mediumText":{"fontFamily":"Inter","fontWeight":"300","lineHeight":"120%","fontSize":"1rem","letterSpacing":"0"},"largeIcon":"1.5rem","largeVertical":"0.5rem","largeHorizontal":"0.5rem","largeInterior":"0.25rem","largeText":{"fontFamily":"Inter","fontWeight":"300","lineHeight":"120%","fontSize":"1rem","letterSpacing":"0"},"borderWidth":"1px","smallHeight":"1.5rem","mediumHeight":"2rem","largeHeight":"2.5rem","faveBorderRadius":"4px","utilityBorderRadius":"8px","utilityBorderRadiusSm":"4px","utilityInterior":"0.5rem","utilityInteriorSm":"0.25rem","utilityText":{"fontFamily":"Inter","fontWeight":"300","lineHeight":"120%","fontSize":"0.875rem","letterSpacing":"0"},"utilityTextSm":{"fontFamily":"Inter","fontWeight":"300","lineHeight":"120%","fontSize":"0.75rem","letterSpacing":"0"},"minWidth":"1.5rem","menuHeight":"2rem","menuBorderRadius":"20px","menuInterior":"0.5rem","menuButtonText":{"fontFamily":"Inter","fontWeight":"300","lineHeight":"120%","fontSize":"0.75rem","letterSpacing":"0"}},"browsesidebar":{"listHeight":"19.75rem","width":"18.75rem","titleText":{"fontFamily":"Inter","fontWeight":"300","lineHeight":"120%","fontSize":"1rem","letterSpacing":"0"},"sectionHeadingLarge":{"fontFamily":"Inter","fontWeight":"600","lineHeight":"120%","fontSize":"1.125rem","letterSpacing":"0"},"widthSm":"13.125rem","activeFilterIcon":"0.5rem","sectionHeadingSmall":{"fontFamily":"Inter","fontWeight":"600","lineHeight":"120%","fontSize":"1rem","letterSpacing":"0"}},"miniproducttile":{"height":"5.75rem","imageSize":"3.75rem","opacity":"0.5","border":"1px","borderRadius":"8px","minWidth":"17.5rem","maxWidth":"22.938rem"},"form":{"mediumLabelText":{"fontFamily":"Inter","fontWeight":"300","lineHeight":"120%","fontSize":"1rem","letterSpacing":"0"},"mediumVertical":"0.25rem","mediumHorizontal":"0.5rem","interior":"0.5rem","mediumInputText":{"fontFamily":"Inter","fontWeight":"300","lineHeight":"120%","fontSize":"1rem","letterSpacing":"0"},"largeInputText":{"fontFamily":"Inter","fontWeight":"300","lineHeight":"120%","fontSize":"1rem","letterSpacing":"0"},"largeVertical":"0.5rem","borderRadius":"4px","largeHorizontal":"0.5rem","largeLabelText":{"fontFamily":"Inter","fontWeight":"300","lineHeight":"120%","fontSize":"1rem","letterSpacing":"0"},"searchMediumHorizontal":"1rem","searchBorderRadius":"20px","searchlargeHeight":"2.5rem","textareaHeight":"5.625rem","miniFormButtonAlignment":"1.375rem","textMinWidth":"15.625rem"},"element":{"spacingExtraSmall":"0.125rem","spacingSmall":"0.25rem","spacingMedium":"0.5rem","spacingLarge":"1rem","spacingExtraLarge":"1.25rem"},"content":{"spacingSmall":"1rem","spacingMedium":"1.5rem","spacingLarge":"2.5rem","spacingExtraSmall":"0.5rem","spacingExtraLarge":"5rem","spacingExtraExtraLarge":"6rem"},"control":{"iconMedium":"1.25rem","switchMedHeight":"1.5rem","switchMedWidth":"3rem","switchLgHeight":"1.875rem","switchLgWidth":"3.75rem","iconLarge":"1.25rem","smallLabel":{"fontFamily":"Inter","fontWeight":"300","lineHeight":"120%","fontSize":"0.625rem","letterSpacing":"0"},"mediumLabel":{"fontFamily":"Inter","fontWeight":"300","lineHeight":"120%","fontSize":"0.75rem","letterSpacing":"0"},"largeLabel":{"fontFamily":"Inter","fontWeight":"300","lineHeight":"120%","fontSize":"1rem","letterSpacing":"0"},"borderWidth":"1px","mediumLabelPadding":"0.125rem","largeLabelPadding":"0rem","switchIconSize":"0.875rem"},"checkbox":{"borderRadius":"2px"},"switch":{"borderRadius":"20px"},"badge":{"iconSizeSmall":"0.875rem","paddingVertical":"0.125rem","paddingHorizontal":"0.5rem","borderRadius":"8px","text":{"fontFamily":"Inter","fontWeight":"300","lineHeight":"120%","fontSize":"0.75rem","letterSpacing":"0"},"iconSizeLarge":"1rem","stockPadding":"0.125rem","stockBorderRadius":"4px","badge00":{"bg":"#191919","text":"#ffffff","icon":"#ffffff"},"badge01":{"bg":"#FFEFD1","icon":"#333333","text":"#333333"},"badge02":{"bg":"#F9FFD1","icon":"#333333","text":"#333333"},"badge03":{"bg":"#E2F4FF","icon":"#333333","text":"#333333"},"badge04":{"bg":"#191919","icon":"#ffffff","text":"#ffffff"},"badge05":{"bg":"#e1251b","icon":"#ffffff","text":"#ffffff"},"badge06":{"bg":"#D3F4EC","icon":"#01533D","text":"#01533D"},"badge07":{"bg":"#FED700","icon":"#191919","text":"#191919"},"badge08":{"bg":"#e1251b","icon":"#ffffff","text":"#ffffff"},"height":"1.125rem","badge09":{"bg":"transparent","icon":"transparent","text":"transparent"},"badge10":{"bg":"#e00000","icon":"#ffffff","text":"#ffffff"},"badge11":{"bg":"#F5F5F5","icon":"#e00000","text":"#e00000"},"badge12":{"bg":"#004693","icon":"#ffffff","text":"#ffffff"},"badge13":{"bg":"#c7c7c7","icon":"#4c4c4c","text":"#4c4c4c"},"badge14":{"bg":"#f0f0f0","icon":"#333333","text":"#333333"},"badge15":{"bg":"transparent","icon":"transparent","text":"transparent"},"badge16":{"bg":"transparent","icon":"transparent","text":"transparent"},"badge17":{"bg":"transparent","icon":"transparent","text":"transparent"},"badge18":{"bg":"transparent","icon":"transparent","text":"transparent"},"badge19":{"bg":"transparent","icon":"transparent","text":"transparent"},"badge20":{"bg":"transparent","icon":"transparent","text":"transparent"}},"dealbadge":{"text":{"fontFamily":"Inter","fontWeight":"300","lineHeight":"120%","fontSize":"0.75rem","letterSpacing":"0"},"textLarge":{"fontFamily":"Inter","fontWeight":"300","lineHeight":"120%","fontSize":"1rem","letterSpacing":"0"}},"variants":{"selectedRing":"3rem","swatch":"2.25rem","paddingDefault":"0.5rem","paddingLarge":"1rem","spacingSmall":"0.25rem","borderRadiusLarge":"40px","borderRadiusMedium":"10px","borderRadiusSmall":"4px","swatchDefault":"1px","dropdownIcon":"1.5rem","chipText":{"fontFamily":"Inter","fontWeight":"300","lineHeight":"120%","fontSize":"0.875rem","letterSpacing":"0"},"dropdownHeight":"18.75rem"},"price":{"text":{"fontFamily":"Inter","fontWeight":"600","lineHeight":"120%","fontSize":"0.875rem","letterSpacing":"0"},"bigDeal":{"fontFamily":"Inter","fontWeight":"600","lineHeight":"120%","fontSize":"1.125rem","letterSpacing":"0"},"textSecondary":{"fontFamily":"Inter","fontWeight":"600","lineHeight":"120%","fontSize":"1.125rem","letterSpacing":"0"},"wasText":{"fontFamily":"Inter","fontWeight":"300","lineHeight":"120%","fontSize":"0.875rem","letterSpacing":"0"},"wasTextSecondary":{"fontFamily":"Inter","fontWeight":"300","lineHeight":"120%","fontSize":"1rem","letterSpacing":"0"},"textPrimary":{"fontFamily":"Montserrat","fontWeight":"600","lineHeight":"120%","fontSize":"1.5rem","letterSpacing":"1%"},"wasTextPrimary":{"fontFamily":"Inter","fontWeight":"300","lineHeight":"120%","fontSize":"1.125rem","letterSpacing":"0"},"descriptor":{"fontFamily":"Inter","fontWeight":"300","lineHeight":"120%","fontSize":"1rem","letterSpacing":"0"},"infoTitle":{"fontFamily":"Inter","fontWeight":"600","lineHeight":"120%","fontSize":"0.875rem","letterSpacing":"0"},"infoSubtitle":{"fontFamily":"Inter","fontWeight":"300","lineHeight":"120%","fontSize":"0.875rem","letterSpacing":"0"},"infoDetails":{"fontFamily":"Inter","fontWeight":"300","lineHeight":"120%","fontSize":"0.75rem","letterSpacing":"0"},"infoBorderWidth":"3px","unitText":{"fontFamily":"Inter","fontWeight":"300","lineHeight":"120%","fontSize":"0.75rem","letterSpacing":"0"},"taxText":{"fontFamily":"Inter","fontWeight":"300","lineHeight":"120%","fontSize":"0.75rem","letterSpacing":"0"},"textSmall":{"fontFamily":"Inter","fontWeight":"600","lineHeight":"120%","fontSize":"0.75rem","letterSpacing":"0"},"textXSmall":{"fontFamily":"Inter","fontWeight":"300","lineHeight":"120%","fontSize":"0.625rem","letterSpacing":"0"},"wasTextSmall":{"fontFamily":"Inter","fontWeight":"300","lineHeight":"120%","fontSize":"0.75rem","letterSpacing":"0"},"textXSmallDeem":{"fontFamily":"Inter","fontWeight":"300","lineHeight":"120%","fontSize":"0.625rem","letterSpacing":"0"},"wasTextXSmallDeem":{"fontFamily":"Inter","fontWeight":"300","lineHeight":"120%","fontSize":"0.625rem","letterSpacing":"0"},"textSmallDeem":{"fontFamily":"Inter","fontWeight":"300","lineHeight":"120%","fontSize":"0.75rem","letterSpacing":"0"}},"producttile":{"variant":{"fontFamily":"Inter","fontWeight":"300","lineHeight":"120%","fontSize":"0.75rem","letterSpacing":"0"},"inventory":{"fontFamily":"Inter","fontWeight":"300","lineHeight":"120%","fontSize":"0.75rem","letterSpacing":"0"},"inventoryIcon":"0.875rem","title":{"fontFamily":"Inter","fontWeight":"600","lineHeight":"120%","fontSize":"0.875rem","letterSpacing":"0"},"packageSize":{"fontFamily":"Inter","fontWeight":"300","lineHeight":"120%","fontSize":"0.75rem","letterSpacing":"0"},"taxText":{"fontFamily":"Inter","fontWeight":"300","lineHeight":"120%","fontSize":"0.75rem","letterSpacing":"0"},"pcoText":{"fontFamily":"Inter","fontWeight":"600","lineHeight":"120%","fontSize":"0.75rem","letterSpacing":"0"},"variantIcon":"0.875rem","padding":"0.5rem","borderRadius":"4px","brandTitle":{"fontFamily":"Inter","fontWeight":"300","lineHeight":"120%","fontSize":"0.75rem","letterSpacing":"0"},"imageHeight":"6.875rem","badgeHeight":"1.125rem","productInfoHeight":"3.875rem","packageSizePadding":"0.125rem","memberPrice":{"fontFamily":"Inter","fontWeight":"300","lineHeight":"120%","fontSize":"0.75rem","letterSpacing":"0"},"horizAtlMinHeight":"8.813rem","imageWidth":"6.875rem","imageAreaWidth":"9.625rem","addOnText":{"fontFamily":"Inter","fontWeight":"600","lineHeight":"120%","fontSize":"0.75rem","letterSpacing":"0"},"recipientTitle":{"fontFamily":"Inter","fontWeight":"600","lineHeight":"120%","fontSize":"0.75rem","letterSpacing":"0"},"recipientBody":{"fontFamily":"Inter","fontWeight":"300","lineHeight":"120%","fontSize":"0.75rem","letterSpacing":"0"},"gcBorderRadius":"4px","textMinWidth":"6.25rem","priceMinWidth":"6.25rem","priceMaxWidth":"12.5rem","columnGap":"2rem","textMinWidthLg":"15.875rem","invBadgeWidth":"3.125rem","width":"10.125rem","recipientMaxWidth":"26.5rem"},"blocks":{"itemTitle":{"fontFamily":"Inter","fontWeight":"600","lineHeight":"120%","fontSize":"0.875rem","letterSpacing":"0"},"infoDefault":{"fontFamily":"Inter","fontWeight":"300","lineHeight":"120%","fontSize":"0.875rem","letterSpacing":"0"},"title":{"fontFamily":"Inter","fontWeight":"600","lineHeight":"120%","fontSize":"0.875rem","letterSpacing":"0"},"itemMediumInfo":{"fontFamily":"Inter","fontWeight":"300","lineHeight":"120%","fontSize":"0.875rem","letterSpacing":"0"},"mediumInfo":{"fontFamily":"Inter","fontWeight":"300","lineHeight":"120%","fontSize":"0.875rem","letterSpacing":"0"},"itemSmallInfo":{"fontFamily":"Inter","fontWeight":"300","lineHeight":"120%","fontSize":"0.75rem","letterSpacing":"0"},"smallInfo":{"fontFamily":"Inter","fontWeight":"300","lineHeight":"120%","fontSize":"0.75rem","letterSpacing":"0"},"itemImageMax":"5rem","itemImageMin":"3.125rem","infoMin":"7.5rem","priceMin":"3.125rem","itemScrollHeight":"25rem","iconSize":"1.5rem","itemImagePreview":"3.125rem"},"banner":{"padding":"0.5rem","paddingDesktop":"1rem","badgesmall":"3.125rem","badgebig":"4.375rem","paddingTablet":"1rem","paddingMobile":"1rem","textSpacingDesktopLarge":"1rem","textSpacingMobileLarge":"1rem","headlineDefaultDesktop":{"fontFamily":"Montserrat","fontWeight":"600","lineHeight":"120%","fontSize":"2.5rem","letterSpacing":"-1%"},"headlineDefaultTablet":{"fontFamily":"Montserrat","fontWeight":"600","lineHeight":"120%","fontSize":"2rem","letterSpacing":"-1%"},"headlineDefaultMobile":{"fontFamily":"Montserrat","fontWeight":"600","lineHeight":"120%","fontSize":"1.75rem","letterSpacing":"-1%"},"bodyDesktop":{"fontFamily":"Inter","fontWeight":"300","lineHeight":"120%","fontSize":"1.125rem","letterSpacing":"0"},"bodyTablet":{"fontFamily":"Inter","fontWeight":"300","lineHeight":"120%","fontSize":"1rem","letterSpacing":"0"},"bodyMobile":{"fontFamily":"Inter","fontWeight":"300","lineHeight":"120%","fontSize":"1rem","letterSpacing":"0"},"textSpacingTabletLarge":"1rem","desktopStandardHeight":"18.75rem","desktopShort":"13.125rem","tabletTall":"18.125rem","tabletStandard":"15.25rem","tabletShort":"8.5rem","headlineSmallDesktop":{"fontFamily":"Inter","fontWeight":"600","lineHeight":"120%","fontSize":"1.5rem","letterSpacing":"0"},"headlineSmallTablet":{"fontFamily":"Inter","fontWeight":"600","lineHeight":"120%","fontSize":"1.375rem","letterSpacing":"0"},"headlineSmallMobile":{"fontFamily":"Inter","fontWeight":"600","lineHeight":"120%","fontSize":"1.25rem","letterSpacing":"0"},"verticalImageHeight":"21.875rem","superheadlineDesktop":{"fontFamily":"Inter","fontWeight":"600","lineHeight":"120%","fontSize":"1.125rem","letterSpacing":"0"},"superheadlineTablet":{"fontFamily":"Inter","fontWeight":"600","lineHeight":"120%","fontSize":"1rem","letterSpacing":"0"},"superheadlineMobile":{"fontFamily":"Inter","fontWeight":"600","lineHeight":"120%","fontSize":"0.875rem","letterSpacing":"0"},"textSpacingDesktopSmall":"0.25rem","textSpacingTabletSmall":"0.25rem","textSpacingMobileSmall":"0.25rem","spotlightBorderRadius":"8px","stampMobileTablet":"6.25rem","stampDesktop":"7.188rem","stampPaddingSmall":"1.5rem","stampPaddingDefault":"2.5rem","smallVerticalImageHeight":"15.625rem","spotlightContentMinHeight":"11.25rem","logoHeight":"2rem","maxWidth":"312.5rem","fullBleedMaxWidth":"312.5rem","spotlightLogoSize":"6.25rem","mediaSpotlightImageDesktopMax":"25rem","mediaSpotlightScrollerDesktopMax":"42.188rem","mediaSpotlightImageDesktopMin":"15.625rem","mediaSpotlightImageDesktopSmallMax":"23.75rem","mediaSpotlightScrollerDesktopSmallMax":"33.25rem","mediaSpotlightImageTabletlMax":"15.688rem","mediaSpotlightScrollerTabletlMax":"33.563rem","mediaSpotlightImageMobileMax":"37.5rem","mediaSpotlightScrollerMobileMax":"37.5rem","stampTextSmall":{"fontFamily":"Inter","fontWeight":"300","lineHeight":"120%","fontSize":"0.75rem","letterSpacing":"0"},"stampTextLarge":{"fontFamily":"Inter","fontWeight":"300","lineHeight":"120%","fontSize":"1.125rem","letterSpacing":"0"},"stampTextExtraLarge":{"fontFamily":"Inter","fontWeight":"600","lineHeight":"120%","fontSize":"2.25rem","letterSpacing":"0"},"desktopContainerMaxWidth":"84rem","tabletContainerMaxWidth":"56rem","infoTitle":{"fontFamily":"Inter","fontWeight":"600","lineHeight":"120%","fontSize":"0.75rem","letterSpacing":"0"},"infoBody":{"fontFamily":"Inter","fontWeight":"300","lineHeight":"120%","fontSize":"0.625rem","letterSpacing":"0"},"infoSmall":"1.5rem","infoMedium":"6.875rem","infoLarge":"10.625rem","infoHeight":"1.5rem"},"link":{"iconSize":"1rem","extraSmall":{"fontFamily":"Inter","fontWeight":"300","lineHeight":"120%","fontSize":"0.75rem","letterSpacing":"0"},"iconSizeXs":"0.875rem"},"star":{"large":"1.25rem","small":"0.875rem","spaceBetween":"0rem"},"bold":"600","action":{"primaryDefault":"#00817F","primaryHover":"#006766","primaryFocus":"#00817F","primaryPressed":"#006766","primaryLoading":"#00817F","primaryDisabled":"#f0f0f0","secondaryDefault":"#ffffff","secondaryHover":"#cccccc","secondaryFocus":"#ffffff","secondaryPressed":"#cccccc","secondaryLoading":"#ffffff","secondaryDisabled":"#f0f0f0","tertiaryDefault":"transparent","tertiaryHover":"#f0f0f0","tertiaryFocus":"transparent","tertiaryPressed":"#f0f0f0","tertiaryLoading":"transparent","tertiaryDisabled":"transparent","teritaryDefault":"transparent"},"elevation":{"low":"0px 4px 8px 0px rgba(102, 107, 117, 0.12)","lowUpward":"0px -4px 8px 0px rgba(102, 107, 117, 0.12)","high":"0px 12px 22px 0px rgba(102, 107, 117, 0.25)","highUpward":"0px -12px 22px 0px rgba(102, 107, 117, 0.25)"},"ordersummary":{"elevation":"0px 4px 14px 0px rgba(0, 0, 0, 0.08)","borderStyle":{"color":"#cccccc","width":"1px","style":"solid"},"default":{"fontFamily":"Inter","fontWeight":"300","lineHeight":"120%","fontSize":"1rem","letterSpacing":"0"},"bold":{"fontFamily":"Inter","fontWeight":"600","lineHeight":"120%","fontSize":"1rem","letterSpacing":"0"},"small":{"fontFamily":"Inter","fontWeight":"300","lineHeight":"120%","fontSize":"0.75rem","letterSpacing":"0"},"widthDesktop":"18.75rem","lineItemWidth":"5.313rem","tooltipWidth":"12.5rem","borderRadius":"8px","padding":"1.5rem"},"modals":{"title":{"fontFamily":"Inter","fontWeight":"600","lineHeight":"120%","fontSize":"2.25rem","letterSpacing":"0"},"itemHeaderBold":{"fontFamily":"Inter","fontWeight":"600","lineHeight":"120%","fontSize":"1rem","letterSpacing":"0"},"closeIcon":"1.25rem","closeFrame":"3rem","largeContentSpacing":"1.5rem","mediumContentSpacing":"1rem","smallContentSpacing":"0.5rem","defaultPadding":"1.5rem","largePadding":"2.5rem","smallPadding":"0.5rem","itemHeaderRegular":{"fontFamily":"Inter","fontWeight":"300","lineHeight":"120%","fontSize":"1rem","letterSpacing":"0"},"titleSmall":{"fontFamily":"Inter","fontWeight":"600","lineHeight":"120%","fontSize":"1.5rem","letterSpacing":"0"},"detailsBody":{"fontFamily":"Inter","fontWeight":"600","lineHeight":"120%","fontSize":"0.75rem","letterSpacing":"0"},"borderRadius":"4px","borderRadiusSheet":"12px","scrollHeight":"15.625rem","small":"25rem","medium":"37.5rem","large":"50rem","extraLarge":"62.5rem","minHeight":"15.625rem","maxWidth":"87.5rem","maxHeight":"36.25rem","minWidth":"18.75rem","contentMaxHeight":"12.5rem","offerReward":{"fontFamily":"Inter","fontWeight":"600","lineHeight":"120%","fontSize":"2.25rem","letterSpacing":"0"},"offerRewardWas":{"fontFamily":"Montserrat","lineHeight":"120%","fontSize":"2.25rem","letterSpacing":"0","textDecoration":"line-through","fontWeight":"600"},"offerImgTitle":{"fontFamily":"Inter","fontWeight":"600","lineHeight":"120%","fontSize":"1.125rem","letterSpacing":"0"},"offerQualification":{"fontFamily":"Inter","fontWeight":"300","lineHeight":"120%","fontSize":"1.125rem","letterSpacing":"0"},"offerQualificationBold":{"fontFamily":"Inter","fontWeight":"600","lineHeight":"120%","fontSize":"1.125rem","letterSpacing":"0"},"offerSubcopy":{"fontFamily":"Inter","fontWeight":"300","lineHeight":"120%","fontSize":"0.75rem","letterSpacing":"0"},"offerImageMaxHeight":"13.75rem"},"tile":{"headlineDesktop":{"fontFamily":"Inter","fontWeight":"600","lineHeight":"120%","fontSize":"1.5rem","letterSpacing":"0"},"headlineTablet":{"fontFamily":"Inter","fontWeight":"600","lineHeight":"120%","fontSize":"1.375rem","letterSpacing":"0"},"headlineMobile":{"fontFamily":"Inter","fontWeight":"600","lineHeight":"120%","fontSize":"1.25rem","letterSpacing":"0"},"bodyDesktop":{"fontFamily":"Inter","fontWeight":"300","lineHeight":"120%","fontSize":"1rem","letterSpacing":"0"},"bodyTablet":{"fontFamily":"Inter","fontWeight":"300","lineHeight":"120%","fontSize":"1rem","letterSpacing":"0"},"bodyMobile":{"fontFamily":"Inter","fontWeight":"300","lineHeight":"120%","fontSize":"0.875rem","letterSpacing":"0"},"paddingDesktop":"0.75rem","paddingTablet":"0.5rem","paddingMobile":"0.5rem","textSpacing":"0.5rem","horizontalHeight":"12.063rem","verticalHeight":"13rem","verticalImageHeight":"10.813rem","tallVerticalImageHeight":"21.625rem"},"scrollbar":{"borderRadius":"12px","horizontalHeight":"0.875rem","verticalWidth":"0.75rem"},"skeleton":{"buttonHeight":"2.5rem","large01Desktop":"3.875rem","large02Desktop":"3rem","large04Desktop":"1.875rem","bodyText":"1.25rem","smallText":"1rem","large01Tablet":"3.25rem","large02Tablet":"2.25rem","large04Tablet":"1.5rem","large01Mobile":"2.5rem","large02Mobile":"2rem","large04Mobile":"1.375rem"},"alert":{"title":{"fontFamily":"Inter","fontWeight":"600","lineHeight":"120%","fontSize":"1rem","letterSpacing":"0"},"titleSmall":{"fontFamily":"Inter","fontWeight":"600","lineHeight":"120%","fontSize":"0.875rem","letterSpacing":"0"},"subtext":{"fontFamily":"Inter","fontWeight":"300","lineHeight":"120%","fontSize":"1rem","letterSpacing":"0"},"subtextSmall":{"fontFamily":"Inter","fontWeight":"300","lineHeight":"120%","fontSize":"0.875rem","letterSpacing":"0"},"details":{"fontFamily":"Inter","fontWeight":"300","lineHeight":"120%","fontSize":"1rem","letterSpacing":"0"},"detailsSmall":{"fontFamily":"Inter","fontWeight":"300","lineHeight":"120%","fontSize":"0.875rem","letterSpacing":"0"},"borderRadius":"4px","icon":"1.25rem","border":"1px","padding":"1rem"},"fontFamilies":{"primary":"Montserrat","secondary":"Inter"},"accordion":{"titleText":{"fontFamily":"Inter","fontWeight":"600","lineHeight":"120%","fontSize":"1rem","letterSpacing":"0"},"bodyText":{"fontFamily":"Inter","fontWeight":"300","lineHeight":"120%","fontSize":"1rem","letterSpacing":"0"},"defaultPadding":"0rem","largePadding":"1rem","innerSpacing":"1rem","extraLargePadding":"2rem","extraSmallPadding":"0.125rem","mobilePadding":"3.5rem","tabletPadding":"4.5rem"},"borderStyle":{"default":{"color":"#cccccc","width":"1px","style":"solid"},"none":{"color":"transparent","width":"1px","style":"solid"},"card":{"color":"#cccccc","width":"1px","style":"solid"},"emphasized":{"color":"#333333","width":"1px","style":"solid"}},"card":{"border":"1px","horizontalBorderRadius":"8px","infoBorderRadius":"8px","horizontalImageRadius":"4px","headlineDesktop":{"fontFamily":"Inter","fontWeight":"600","lineHeight":"120%","fontSize":"1.5rem","letterSpacing":"0"},"headlineTablet":{"fontFamily":"Inter","fontWeight":"600","lineHeight":"120%","fontSize":"1.375rem","letterSpacing":"0"},"headlineMobile":{"fontFamily":"Inter","fontWeight":"600","lineHeight":"120%","fontSize":"1.25rem","letterSpacing":"0"},"bodyDesktop":{"fontFamily":"Inter","fontWeight":"300","lineHeight":"120%","fontSize":"1rem","letterSpacing":"0"},"bodyTablet":{"fontFamily":"Inter","fontWeight":"300","lineHeight":"120%","fontSize":"1rem","letterSpacing":"0"},"bodyMobile":{"fontFamily":"Inter","fontWeight":"300","lineHeight":"120%","fontSize":"0.875rem","letterSpacing":"0"},"contentSpacing":"0.5rem","contentPadding":"1rem","verticalBorderRadius":"8px","horizontalImage":"7.5rem","horizontalImageShort":"5rem","collectionSpacing":"1.25rem","miniInfoImage":"3.125rem","infoHeadline":{"fontFamily":"Inter","fontWeight":"600","lineHeight":"120%","fontSize":"1rem","letterSpacing":"0"},"infoBody":{"fontFamily":"Inter","fontWeight":"300","lineHeight":"120%","fontSize":"0.875rem","letterSpacing":"0"},"infoDisclaimer":{"fontFamily":"Inter","fontWeight":"300","lineHeight":"120%","fontSize":"0.625rem","letterSpacing":"0"},"infoIcon":"1rem","infoMinWidth":"17.5rem","infoMaxWidth":"22.938rem","collectionOuterPadding":"0.5rem","miniInfoWidth":"10.938rem","collectionPadding":"0.75rem","infoPadding":"1rem","vert2UpDesktopMinWidth":"28.125rem","vert2UpTabletLargeMinWidth":"28.125rem","vert2UpTabletMinWidth":"21.25rem","vert2UpMobileMinWidth":"15.125rem","vert3UpDesktopMinWidth":"18.25rem","vert3UpTabletLargeMinWidth":"22rem","vert3UpTabletMinWidth":"15.25rem","vert3UpMobileMinWidth":"15.25rem","vert4UpDesktopMinWidth":"16rem","vert4UpTabletLargeMinWidth":"16rem","vert4UpTabletMinWidth":"15.25rem","vert4UpMobileMinWidth":"15.25rem","horiz1UpMobileMinWidth":"22.5rem","horiz1UpTabletMinWidth":"37.5rem","horiz1UpTabletLargeMinWidth":"54.25rem","horiz1UpDesktopMinWidth":"60rem","horiz2UpDesktopMinWidth":"31.25rem","horiz2UpTabletLargeMinWidth":"25rem","horiz2UpTabletMinWidth":"25.875rem","horiz2UpMobileMinWidth":"22.5rem","horiz3UpDesktopMinWidth":"19.25rem","horiz3UpTabletLargeMinWidth":"22.5rem","horiz3UpTabletMinWidth":"25.875rem","horiz3UpMobileMinWidth":"18.5rem","bentoSpacing":"1rem","bentoBorderRadius":"8px","bentoHeadMinHeight":"1.5rem","bentoSmWidth":"18.5rem","bentoMdWidth":"19.375rem","bentoLgWidth":"none","bentoImageHeight":"5.5rem","bentoImageWidth":"5.5rem"},"fulfillment":{"bodyRegular":{"fontFamily":"Inter","fontWeight":"300","lineHeight":"120%","fontSize":"0.875rem","letterSpacing":"0"},"bodyBold":{"fontFamily":"Inter","fontWeight":"600","lineHeight":"120%","fontSize":"0.875rem","letterSpacing":"0"},"image":"2.5rem","imageBorderRadius":"4px","headlineBold":{"fontFamily":"Inter","fontWeight":"600","lineHeight":"120%","fontSize":"1rem","letterSpacing":"0"},"iconInfo":"1rem","icon":"1.5rem","iconStatus":"1rem","disclaimer":{"fontFamily":"Inter","fontWeight":"300","lineHeight":"120%","fontSize":"0.75rem","letterSpacing":"0"},"headlineRegular":{"fontFamily":"Inter","fontWeight":"300","lineHeight":"120%","fontSize":"1rem","letterSpacing":"0"},"headlineRegularSmall":{"fontFamily":"Inter","fontWeight":"300","lineHeight":"120%","fontSize":"0.875rem","letterSpacing":"0"},"headlineBoldSmall":{"fontFamily":"Inter","fontWeight":"600","lineHeight":"120%","fontSize":"0.875rem","letterSpacing":"0"}},"pagination":{"buttonSize":"2.25rem","borderStyle":{"width":"0","style":"solid","color":"#cccccc"},"buttonText":{"fontFamily":"Inter","fontWeight":"300","lineHeight":"120%","fontSize":"1rem","letterSpacing":"0"}},"slider":{"arrowDefault":"3.25rem","arrowSmall":"2.375rem","indicatorPadding":"0.5rem","indicatorSpacing":"0.5rem","borderRadius":"20px","arrowBorderRadius":"32px","indicatorBorder":"1px","indicatorDot":"0.625rem","chevronIcon":"1.75rem","arrowDistance":"9.375rem"},"breadcrumbs":{"paddingHorizontal":"0.5rem"},"drawer":{"widthMed":"32rem","widthSm":"28rem","widthLg":"42rem"},"menutilescroller":{"textHeight":"2rem","borderRadius":"8px","padding":"0.5rem","spacing":"0.25rem","widthDefault":"6.25rem","imageBorderRadius":"8px"},"producttileframe":{"borderStyle":{"color":"#FFEFD1","width":"2px","style":"solid"},"badgeText":{"fontFamily":"Inter","fontWeight":"300","lineHeight":"120%","fontSize":"0.75rem","letterSpacing":"0"},"badgeHeight":"2rem","badgePadding":"0.5rem"},"menu":{"smallInnerSpacing":"0.25rem","mediumInnerSpacing":"0.375rem","extrasmallPadding":"0.375rem","smallPadding":"0.5rem","defaultButton":{"fontFamily":"Inter","fontWeight":"300","lineHeight":"120%","fontSize":"0.875rem","letterSpacing":"0"},"defaultIcon":"1.5rem","emphasizedButton":{"fontFamily":"Inter","fontWeight":"600","lineHeight":"120%","fontSize":"0.875rem","letterSpacing":"0"},"extralargePadding":"2rem","extrasmallInnerSpacing":"0.125rem","smallIcon":"1.25rem","mediumButton":{"fontFamily":"Inter","fontWeight":"300","lineHeight":"120%","fontSize":"1rem","letterSpacing":"0"},"mediumPadding":"1rem","smallBorderRadius":"12px","defaultBorderRadius":"20px","largePadding":"1.5rem","largeInnerSpacing":"0.75rem","default":"#333333","hover":"#00817F","selected":"#00817F","lightDefault":"#FFFFFF","lightHover":"#FFFFFF","lightSelected":"#FFFFFF","extralargeInnerSpacing":"1rem","leftsidebarwidth":"14.25rem","maxWidth":"312.5rem","simpleHeight":"5rem","simpleLogoWidth":"8.75rem","smallText":{"fontFamily":"Inter","fontWeight":"300","lineHeight":"120%","fontSize":"0.75rem","letterSpacing":"0"},"extraLargeBorderRadius":"32px","bgDefault":"#ffffff","bgHover":"#F5F5F5","bgPressed":"#F5F5F5","borderDefault":"#666b73","borderHover":"#F5F5F5","borderPressed":"#F5F5F5"},"informationtext":{"smallInnerSpacing":"0.25rem","mediumInnerSpacing":"0.5rem","defaultIcon":"1.25rem","defaultText":{"fontFamily":"Inter","fontWeight":"300","lineHeight":"120%","fontSize":"0.875rem","letterSpacing":"0"},"borderWidth":"1px"},"filter":{"chipVertical":"0.125rem","chipHorizontal":"0.5rem","sortPadding":"0.25rem","chipBorderRadius":"20px","quickFilterBorderRadius":"4px","chipText":{"fontFamily":"Inter","fontWeight":"300","lineHeight":"120%","fontSize":"0.75rem","letterSpacing":"0"},"chipIcon":"1rem","quickfilterHeight":"2rem","sortIcon":"1.25rem","sortItemHeight":"2rem","sortDropdownWidth":"11.25rem","sortDropdownHeight":"2rem","chipIconLarge":"1.25rem"},"focus":{"default":"rgba(66,153,225,0.7)","onLight":"rgba(0,0,0,0.7)","onDark":"rgba(255,255,255,0.7)"},"focusRingOnLight":"0px 0px 0px 3px rgba(0,0,0,0.7)","focusRingOnDark":"0px 0px 0px 3px rgba(255,255,255,0.7)","focusRingDefault":"0px 0px 0px 3px rgba(66,153,225,0.7)","logo":{"largeWidth":"12.5rem","largeHeight":"2.25rem","smallWidth":"7.313rem","smallHeight":"1.313rem"},"atl":{"text":{"fontFamily":"Inter","fontWeight":"300","lineHeight":"120%","fontSize":"1rem","letterSpacing":"0"},"backgroundDefault":"#ffffff","backgroundHover":"#ffffff","backgroundPressed":"#ffffff","backgroundAdded":"#ffffff","backgroundAddedPressed":"#ffffff","borderDefault":"#00817F","borderHover":"#006766","borderPressed":"#006766","borderAdded":"#00817F","borderAddedPressed":"#ffffff","onDefault":"#191919","onHover":"#191919","onPressed":"#ffffff","onAdded":"#ffffff","onAddedPressed":"#191919","secondaryBackgroundDefault":"#ffffff","secondaryBackgroundHover":"#ffffff","secondaryBackgroundPressed":"#ffffff","secondaryBackgroundAdded":"#ffffff","secondaryBackgroundAddedPressed":"#ffffff","secondaryBorderDefault":"#00817F","secondaryBorderHover":"#191919","secondaryBorderPressed":"#ffffff","secondaryBorderAdded":"#ffffff","secondaryBorderAddedPressed":"#ffffff","secondaryOnDefault":"#00817F","secondaryOnHover":"#191919","secondaryOnPressed":"#006766","secondaryOnAdded":"#00817F","secondaryOnAddedPressed":"#006766","buttonWidth":"4rem","buttonHeight":"2.125rem","iconSize":"0.875rem","padding":"0.5rem","gap":"0.25rem","borderRadius":"4px","borderWidthAdded":"2px","borderWidthSecondary":"2px","elevation":"0px 0px 0px 0px #403840"},"linklist":{"itemDefault":{"fontFamily":"Inter","fontWeight":"300","lineHeight":"120%","fontSize":"1rem","letterSpacing":"0"},"itemSelected":{"fontFamily":"Inter","fontWeight":"600","lineHeight":"120%","fontSize":"1rem","letterSpacing":"0"}},"primaryWeight":"600","iconbutton":{"smallIconSize":"1rem","smallSize":"2rem","smallborderRadius":"16px","largeSize":"5rem","largeSizeMobile":"3.75rem","largeIconSize":"1.5rem","largePadding":"0.75rem","smallPadding":"0.5rem","largeborderRadius":"40px","defaultText":{"fontFamily":"Inter","fontWeight":"600","lineHeight":"120%","fontSize":"0.75rem","letterSpacing":"0"},"largeIconSizeMobile":"1.25rem"},"starRating":{"text":{"fontFamily":"Inter","fontWeight":"300","lineHeight":"120%","fontSize":"0.75rem","letterSpacing":"0"},"largeText":{"fontFamily":"Inter","fontWeight":"300","lineHeight":"120%","fontSize":"1rem","letterSpacing":"0"}},"tab":{"height":"2rem","spaceBetween":"1.25rem","lconSize":"1.5rem","textDesktop":{"fontFamily":"Inter","fontWeight":"300","lineHeight":"120%","fontSize":"1.125rem","letterSpacing":"0"},"textDesktopBold":{"fontFamily":"Inter","fontWeight":"600","lineHeight":"120%","fontSize":"1.125rem","letterSpacing":"0"},"textMobile":{"fontFamily":"Inter","fontWeight":"300","lineHeight":"120%","fontSize":"1rem","letterSpacing":"0"},"textMobileBold":{"fontFamily":"Inter","fontWeight":"600","lineHeight":"120%","fontSize":"1rem","letterSpacing":"0"}},"paragraph":{"iconSmall":"1rem","iconMedium":"1.25rem"},"table":{"mediumPadding":"1rem","narrowheaderWidth":"10.5rem","smallPadding":"0.75rem","emphasizedText":{"fontFamily":"Inter","fontWeight":"600","lineHeight":"120%","fontSize":"1rem","letterSpacing":"0"},"defaultText":{"fontFamily":"Inter","fontWeight":"300","lineHeight":"120%","fontSize":"1rem","letterSpacing":"0"}},"default":"0.3","imagegallery":{"thumbnailSize":"5rem","tallThumbnailSize":"6.25rem","thumbnailImageSize":"3.75rem","tallThumbnailImageSize":"5rem","buttonpaddingLarge":"1.5rem","borderRadius":"8px","headlinePadding":"3.5rem","imageMaxHeightLarge":"31.25rem","imageZoomMaxHeight":"50rem","imageMaxHeightSmall":"23.125rem","thumbnailZoomMaxWidthLg":"55rem","thumbnailZoomMaxWidthMd":"54.5rem","thumbnailZoomMaxWidthSm":"22.5rem"},"productTitle":{"brandText":{"fontFamily":"Inter","fontWeight":"600","lineHeight":"120%","fontSize":"0.875rem","letterSpacing":"0"}},"caption":{"text":{"fontFamily":"Inter","fontWeight":"300","lineHeight":"120%","fontSize":"1rem","letterSpacing":"0"}},"imageGallery":{"seeMoreText":{"fontFamily":"Inter","fontWeight":"600","lineHeight":"120%","fontSize":"1.125rem","letterSpacing":"0"},"thumbnailText":{"fontFamily":"Inter","fontWeight":"600","lineHeight":"120%","fontSize":"0.625rem","letterSpacing":"0"}},"pcobasepoints":{"text":{"fontFamily":"Inter","fontWeight":"300","lineHeight":"120%","fontSize":"0.875rem","letterSpacing":"0"}},"search":{"queryIconSize":"1.25rem","queryImageSize":"2.5rem","itemPaddingRight":"1rem","itemPaddingLeft":"0.5rem","queryItemTyped":{"fontFamily":"Inter","fontWeight":"300","lineHeight":"120%","fontSize":"0.875rem","letterSpacing":"0"},"queryItemSuggested":{"fontFamily":"Inter","fontWeight":"600","lineHeight":"120%","fontSize":"0.875rem","letterSpacing":"0"},"leftIndicatorSize":"2.5rem","itemTextPaddingTop":"1rem","itemTextPaddingBottom":"1rem","dropdownWidth":"34.625rem","dropdownPaddingLeft":"0rem","dropdownPaddingRight":"0rem","dropdownPaddingTop":"0rem","dropdownPaddingBottom":"0rem","dropdownBorderRadius":"8px"},"queryitem":{"borderWidth":"1px"},"radiocard":{"title":{"fontFamily":"Inter","fontWeight":"600","lineHeight":"120%","fontSize":"0.875rem","letterSpacing":"0"},"body":{"fontFamily":"Inter","fontWeight":"300","lineHeight":"120%","fontSize":"0.875rem","letterSpacing":"0"},"smallSpacing":"0.25rem","largeSpacing":"1rem","largePadding":"1rem"},"storeIdentifier":{"logoHeightDesktop":"2.25rem","logoHeightMobile":"1.5rem","logoWidthDesktop":"8rem","logoWidthMobile":"6rem","storeName":{"fontFamily":"Inter","fontWeight":"300","lineHeight":"120%","fontSize":"0.875rem","letterSpacing":"0"}},"header":{"iconLarge":"3rem","iconMedium":"2.25rem","iconSmall":"1.5rem","logoHeight":"6.25rem","bannerLogoImageHeightMax":"5rem","bannerImageHeightMax":"3.125rem","bannerLogoImageSpacing":"-1.5rem","logoSmallHeight":"2.5rem"},"utility":{"utility01":{"fill01":"#ECEAFF","fill02":"#685BC7","fill03":"#685BC7","fill04":"#685BC7"},"utility02":{"fill01":"#ffffff","fill02":"#333333","fill03":"#333333","fill04":"#333333"},"utility03":{"fill01":"#ffffff","fill02":"#333333","fill03":"#333333","fill04":"#333333"}},"testLocalFix":"0.063rem","offertile":{"standardWidth":"10.875rem","borderRadius":"8px","miniHeight":"5.875rem","imageAreaHeight":"7.875rem","imageActive":"1","imageInactive":"0.5","productImageSize":"6.25rem","heroImageSize":"7.875rem","miniMinWidth":"17.5rem","miniMaxWidth":"22.938rem","rewardText":{"fontFamily":"Inter","fontWeight":"600","lineHeight":"120%","fontSize":"1rem","letterSpacing":"0"},"rewardTextWas":{"fontFamily":"Inter","fontWeight":"600","fontSize":"1rem","lineHeight":"130%","letterSpacing":"0","textDecoration":"line-through"},"titleText":{"fontFamily":"Inter","fontWeight":"600","lineHeight":"120%","fontSize":"1rem","letterSpacing":"0"},"subcopyText":{"fontFamily":"Inter","fontWeight":"300","fontSize":"0.75rem","lineHeight":"130%","letterSpacing":"0","textDecoration":"none"},"qualificationText":{"fontFamily":"Inter","fontWeight":"300","lineHeight":"120%","fontSize":"0.875rem","letterSpacing":"0"},"qualificationBoldText":{"fontFamily":"Inter","fontWeight":"600","lineHeight":"120%","fontSize":"0.875rem","letterSpacing":"0"},"borderWidth":"1px","largeWidth":"21.375rem","paddingMedium":"0.5rem","paddingLarge":"1rem","miniQualificationText":{"fontFamily":"Inter","fontWeight":"300","lineHeight":"120%","fontSize":"0.75rem","letterSpacing":"0"},"miniQualificationBoldText":{"fontFamily":"Inter","fontWeight":"600","lineHeight":"120%","fontSize":"0.75rem","letterSpacing":"0"},"miniImageSize":"5rem","minHeight":"16.75rem","miniMinHeight":"5.875rem","miniMaxHeight":"7.375rem"},"progressbar":{"borderStyle":{"style":"solid","width":"1px","color":"#685BC7"}},"actionList":{"minHeight":"3.625rem","minWidth":"17.5rem","maxWidth":"37.5rem","containerMaxWidth":"76rem","dropdownBorderStyle":{"color":"#cccccc","width":"1px","style":"solid"},"dropdownWidth":"18rem","dropdownBorderRadius":"4px"},"inventoryBadge":{"opacity":"0.75"},"multiStep":{"medium":"1.5rem","small":"1rem","extrasmall":"0.5rem","borderRadius":"12px"},"iab":{"leaderboardMin":"28.188rem","leaderboardMax":"75rem","bigboxMin":"18.75rem","bigboxMax":"28.125rem","doublebigboxMin":"18.75rem","doublebigboxMax":"28.125rem","mbannerMin":"18.75rem","mbannerMax":"28.125rem"},"imagegrid":{"sixUpDesktopMax":"10.813rem","sixUpDesktopMin":"7.875rem","fourUpDesktopMin":"12.125rem","fourUpDesktopMax":"16.563rem","threeUpDesktopMax":"22.5rem","threeUpDesktopMin":"16.563rem","twoUpDesktopMax":"34rem","twoUpDesktopMin":"25.125rem","sixUpMobileMax":"11.5rem","sixUpMobileMin":"7.25rem","fourUpMobileMin":"11.438rem","fourUpMobileMax":"17.813rem","threeUpMobileMax":"17.813rem","threeUpMobileMin":"11.438rem","twoUpMobileMax":"25.063rem","twoUpMobileMin":"17.313rem"},"swapAndSave":{"iconSize":"1.25rem","headerIconSize":"1.5rem","imageSizeDesktop":"3.75rem","imageSizeMobile":"2.5rem","itemPadding":"1rem","suggestionBorderRadius":"8px","imageBorderRadius":"2px","subcopy":{"fontFamily":"Inter","fontWeight":"300","lineHeight":"120%","fontSize":"0.875rem","letterSpacing":"0"},"savingsHeadline":{"fontFamily":"Inter","fontWeight":"600","lineHeight":"120%","fontSize":"0.875rem","letterSpacing":"0"},"productName":{"fontFamily":"Inter","fontWeight":"300","lineHeight":"120%","fontSize":"1rem","letterSpacing":"0"},"price":{"fontFamily":"Inter","fontWeight":"600","lineHeight":"120%","fontSize":"1rem","letterSpacing":"0"},"currentHeadline":{"fontFamily":"Inter","fontWeight":"300","lineHeight":"120%","fontSize":"0.875rem","letterSpacing":"0"}},"navchip":{"iconSize":"1rem","paddingVertical":"0.5rem","paddingHorizontal":"1rem","borderRadius":"40px","text":{"fontFamily":"Inter","fontWeight":"300","lineHeight":"120%","fontSize":"1rem","letterSpacing":"0"},"maxWidth":"12.5rem"},"box":{"borderRadiusXs":"4px","borderRadiusSm":"8px","borderRadiusMd":"12px","borderRadiusLg":"20px","borderRadiusXl":"32px","paddingXs":"0.125rem","paddingSm":"0.25rem","paddingMd":"0.5rem","paddingLg":"1rem","paddingXl":"1.5rem","paddingNull":"0rem"},"gridSpacing":{"default":"0.5rem","wide":{"extraLarge":"6.25rem","large":"3.75rem","medium":"2.5rem","small":"1rem","extraSmall":"0.125rem"}},"pointsWidget":{"ptsValueDesktop":{"fontFamily":"Montserrat","fontWeight":"600","lineHeight":"120%","fontSize":"3.25rem","letterSpacing":"-1%"},"ptsValueMobile":{"fontFamily":"Montserrat","fontWeight":"600","lineHeight":"120%","fontSize":"2.25rem","letterSpacing":"-1%"},"ptsDesktop":{"fontFamily":"Inter","fontWeight":"600","lineHeight":"120%","fontSize":"1.25rem","letterSpacing":"0"},"ptsMobile":{"fontFamily":"Inter","fontWeight":"600","lineHeight":"120%","fontSize":"1.25rem","letterSpacing":"0"},"redeemableValue":{"fontFamily":"Inter","fontWeight":"300","lineHeight":"120%","fontSize":"1rem","letterSpacing":"0"},"shadow":"0px 0px 0px 0px #000000","insightText":{"fontFamily":"Inter","fontWeight":"300","lineHeight":"120%","fontSize":"0.875rem","letterSpacing":"0"},"imgHeight":"3.125rem","boxLg":"1.5rem","boxMd":"1rem","boxSm":"0.5rem","gap":"0.5rem","borderRadius":"20px","gapSm":"0.25rem","gapContentLg":"2.5rem","gapContentSm":"1rem","maxWidthDesktop":"49.5rem","borderStyle":{"color":"#cccccc","width":"1px","style":"solid"},"headerImgHeightDesktop":"19rem","headerImgHeightTablet":"15.5rem","headerImgHeightMobile":"21.75rem"},"markdown":{"heading1Desktop":{"fontFamily":"Montserrat","fontWeight":"600","lineHeight":"120%","fontSize":"3.25rem","letterSpacing":"1%"},"heading2Desktop":{"fontFamily":"Montserrat","fontWeight":"600","lineHeight":"120%","fontSize":"2.5rem","letterSpacing":"1%"},"heading3Desktop":{"fontFamily":"Montserrat","fontWeight":"600","lineHeight":"120%","fontSize":"2.25rem","letterSpacing":"1%"},"heading4Desktop":{"fontFamily":"Montserrat","fontWeight":"600","lineHeight":"120%","fontSize":"1.5rem","letterSpacing":"1%"},"heading5Desktop":{"fontFamily":"Inter","fontWeight":"600","lineHeight":"120%","fontSize":"1.125rem","letterSpacing":"0"},"heading6Desktop":{"fontFamily":"Inter","fontWeight":"600","lineHeight":"120%","fontSize":"1rem","letterSpacing":"0"},"heading1Tablet":"tablet.Tablet Large 01 Bold}","heading2Tablet":{"fontFamily":"Montserrat","fontWeight":"600","lineHeight":"120%","fontSize":"2rem","letterSpacing":"1%"},"heading3Tablet":{"fontFamily":"Montserrat","fontWeight":"600","lineHeight":"120%","fontSize":"1.75rem","letterSpacing":"1%"},"heading4Tablet":{"fontFamily":"Montserrat","fontWeight":"600","lineHeight":"120%","fontSize":"1.375rem","letterSpacing":"1%"},"heading5Tablet":{"fontFamily":"Inter","fontWeight":"600","lineHeight":"120%","fontSize":"1.125rem","letterSpacing":"0"},"heading6Tablet":{"fontFamily":"Inter","fontWeight":"600","lineHeight":"120%","fontSize":"1rem","letterSpacing":"0"},"heading1Mobile":{"fontFamily":"Montserrat","fontWeight":"600","lineHeight":"120%","fontSize":"2.25rem","letterSpacing":"1%"},"heading2Mobile":{"fontFamily":"Montserrat","fontWeight":"600","lineHeight":"120%","fontSize":"1.75rem","letterSpacing":"1%"},"heading3Mobile":{"fontFamily":"Montserrat","fontWeight":"600","lineHeight":"120%","fontSize":"1.5rem","letterSpacing":"1%"},"heading4Mobile":{"fontFamily":"Montserrat","fontWeight":"600","lineHeight":"120%","fontSize":"1.25rem","letterSpacing":"1%"},"heading5Mobile":{"fontFamily":"Inter","fontWeight":"600","lineHeight":"120%","fontSize":"1.125rem","letterSpacing":"0"},"heading6Mobile":{"fontFamily":"Inter","fontWeight":"600","lineHeight":"120%","fontSize":"1rem","letterSpacing":"0"},"paragraph":{"fontFamily":"Inter","fontWeight":"300","lineHeight":"120%","fontSize":"1rem","letterSpacing":"0"},"paragraphSmall":{"fontFamily":"Inter","fontWeight":"300","lineHeight":"120%","fontSize":"0.875rem","letterSpacing":"0"},"listItem":{"fontFamily":"Inter","fontWeight":"300","lineHeight":"120%","fontSize":"1rem","letterSpacing":"0"}},"loadIndicator":{"iconSize":"1.5rem","text":{"fontFamily":"Inter","fontWeight":"600","lineHeight":"120%","fontSize":"1rem","letterSpacing":"0"},"borderRadius":"32px","border":{"color":"transparent","width":"0","style":"solid"}},"productItemImage":{"boxPadding":"0rem","opacity":"0.25"},"drawerFooter":{"elevation":"0px 0px 0px 0px #000"},"freeItems":{"boxPadding":"0rem","borderRadius":"0px","borderWidth":"0px","imageSize80":"5rem","imageSize50":"3.125rem"},"freeItemsThumbnail":{"opacity":"100%"},"productTile":{"borderStyle":{"color":"#cccccc","width":"1px","style":"solid"}},"orderPref":{"fulfHeadline":{"fontFamily":"Inter","fontWeight":"600","lineHeight":"120%","fontSize":"1.125rem","letterSpacing":"0"},"fulfDetail":{"fontFamily":"Inter","fontWeight":"300","lineHeight":"120%","fontSize":"0.75rem","letterSpacing":"0"},"borderRadius":"8px","borderWidth":"1px"},"popover":{"borderRadius":"12px","widthSmall":"21.875rem","widthMedium":"28.125rem","widthLarge":"34.375rem","widthExtraSmall":"15.625rem","widthExtraExtraSmall":"12.5rem"},"mastheadMenu":{"gap":"1.25rem"},"navigation":{"navItemHeight":"3rem","navItemGap":"0.5rem","navItemHorizontal":"1rem","navItemBorderRadius":"12px","navItemTextRegular":{"fontFamily":"Inter","fontWeight":"300","lineHeight":"120%","fontSize":"1rem","letterSpacing":"0"},"navItemTextEmphasized":{"fontFamily":"Inter","fontWeight":"600","lineHeight":"120%","fontSize":"1rem","letterSpacing":"0"},"navItemIcon":"1rem","verticalNavLgWidth":"18.75rem","verticalNavGap":"0.5rem"},"avatar":{"size":"2rem","iconSize":"1.125rem","borderRadius":"40px","bgDefault":"#666b73","bgActive":"#CB333B","text":{"fontFamily":"Inter","fontWeight":"300","lineHeight":"120%","fontSize":"0.875rem","letterSpacing":"0"},"border":"transparent"},"selector":{"headerDefault":{"fontFamily":"Inter","fontWeight":"600","lineHeight":"120%","fontSize":"1rem","letterSpacing":"0"},"headerSmall":{"fontFamily":"Inter","fontWeight":"600","lineHeight":"120%","fontSize":"0.875rem","letterSpacing":"0"},"bodyText":{"fontFamily":"Inter","fontWeight":"300","lineHeight":"120%","fontSize":"0.75rem","letterSpacing":"0"},"borderDefault":{"color":"#cccccc","width":"1"},"borderSelected":{"color":"#00817F","width":"2"},"borderRadius":"8px","contentSpacingDefault":"0.25rem","contentSpacingSmall":"0.125rem","minWidth":"5rem"},"menuTile":{"minWidth":"11rem","horizontalImageSize":"2.5rem","horizontalHeight":"3.5rem","maxWidth":"20rem","text":{"fontFamily":"Inter","fontWeight":"300","lineHeight":"120%","fontSize":"0.75rem","letterSpacing":"0"}},"chatWindow":{"collapsedMaxWidth":"14.813rem","borderRadius":"8px","height":"41.25rem","width":"34.375rem","iconSize":"1.5rem","chatTitle":{"fontFamily":"Inter","fontWeight":"600","lineHeight":"120%","fontSize":"0.875rem","letterSpacing":"0"},"messageMaxWidth":"25rem","chatText":{"fontFamily":"Inter","fontWeight":"300","lineHeight":"120%","fontSize":"0.875rem","letterSpacing":"0"},"responseFooter":{"fontFamily":"Inter","fontWeight":"300","lineHeight":"120%","fontSize":"0.75rem","letterSpacing":"0"},"chipText":{"fontFamily":"Inter","fontWeight":"300","lineHeight":"120%","fontSize":"0.875rem","letterSpacing":"0"}},"galleryScroller":{"gap":"0.5rem"},"menuTileGroup":{"gap":"0.5rem","minHeight":"25rem","minWidth":"17.5rem","imagePadding":"0.5rem","contentGap":"0.75rem"},"semibold":"600","accordionBodyText":{"fontFamily":"Inter","fontWeight":"300","lineHeight":"120%","fontSize":"1rem","letterSpacing":"0"},"accordionTitleText":{"fontFamily":"Inter","fontWeight":"600","lineHeight":"120%","fontSize":"1rem","letterSpacing":"0"},"accordionIcon":"1.25rem","accordionDefaultPadding":"0rem","accordionLargePadding":"1rem","accordionInnerSpacing":"1rem","accordionSmallIcon":"1.25rem","accordionExtraLargePadding":"2rem","accordionExtraSmallPadding":"0.125rem","accordionMobilePadding":"3.5rem","accordionTabletPadding":"4.5rem","actionListMinHeight":"3.625rem","actionListMinWidth":"17.5rem","actionListMaxWidth":"37.5rem","actionListContainerMaxWidth":"76rem","actionListDropdownWidth":"18rem","actionListDropdownBorderStyle":{"color":"#cccccc","width":"1px","style":"solid"},"actionListdropdownBorderRadius":"4px","alertsBorderRadius":"4px","alertsIconSize":"1.25rem","elevationShadow":"0px 4px 4px 0px rgba(0,0,0,0.25)","alertsInteriorSpacing":"0.5rem","alertsBorderWidth":"0.5rem","alertsTitle":{"fontFamily":"Inter","fontWeight":"600","lineHeight":"120%","fontSize":"1rem","letterSpacing":"0"},"alertTitleSmall":{"fontFamily":"Inter","fontWeight":"600","lineHeight":"120%","fontSize":"0.875rem","letterSpacing":"0"},"alertsSubtext":{"fontFamily":"Inter","fontWeight":"300","lineHeight":"120%","fontSize":"1rem","letterSpacing":"0"},"alertSubtextSmall":{"fontFamily":"Inter","fontWeight":"300","lineHeight":"120%","fontSize":"0.875rem","letterSpacing":"0"},"alertsUnderline":"underline","alertsDetails":{"fontFamily":"Inter","fontWeight":"300","lineHeight":"120%","fontSize":"1rem","letterSpacing":"0"},"alertDetailsSmall":{"fontFamily":"Inter","fontWeight":"300","lineHeight":"120%","fontSize":"0.875rem","letterSpacing":"0"},"alertBorder":"1px","alertPadding":"1rem","atcIconSize":"1.5rem","atcPaddingVertical":"0.5rem","atcPaddingHorizontal":"0.5rem","atcBorderRadius":"20px","atcQuantityText":{"fontFamily":"Inter","fontWeight":"300","lineHeight":"120%","fontSize":"0.75rem","letterSpacing":"0"},"atcBorderRadiusFull":"4px","atcButtonMaxWidth":"15rem","atcIncrementBorderRadius":"12px","atcDisabledIconOpacity":"0.4","atcInputWidth":"3.125rem","atcInputWidthCart":"2.5rem","atcCompactSize":"2.5rem","atlIconSize":"0.875rem","atlIconSizeFull":"1.5rem","atlButtonWidth":"4rem","atlPadding":"0.5rem","atlPaddingFullHorizontal":"0.5rem","atlPaddingFullVertical":"0.5rem","atlBorderRadius":"4px","atlBorderRadiusFull":"4px","atlBorderWidthAdded":"2px","atlElevation":"0px 0px 0px 0px #000","atlText":{"fontFamily":"Inter","fontWeight":"300","lineHeight":"120%","fontSize":"1rem","letterSpacing":"0"},"atlTextFull":{"fontFamily":"Inter","fontWeight":"300","lineHeight":"120%","fontSize":"1rem","letterSpacing":"0"},"atlGap":"0.25rem","atlButtonHeight":"2.125rem","atlButtonHeightFull":"2.5rem","badgePaddingVertical":"0.125rem","badgeBorderRadius":"8px","badgeText":{"fontFamily":"Inter","fontWeight":"300","lineHeight":"120%","fontSize":"0.75rem","letterSpacing":"0"},"badgePaddingHorizontal":"0.5rem","badgeIconSize":"0.875rem","badgeElevation":"0px 0px 0px 0px #000","dealbadgeIconSize":"1rem","dealBadgeText":{"fontFamily":"Inter","fontWeight":"300","lineHeight":"120%","fontSize":"0.75rem","letterSpacing":"0"},"badgeStockPadding":"0.125rem","badgeStockBorderRadius":"4px","dealBadgeTextLarge":{"fontFamily":"Inter","fontWeight":"300","lineHeight":"120%","fontSize":"1rem","letterSpacing":"0"},"badgeHeight":"1.125rem","productMessageIconSize":"1rem","inventoryBadgeOpacity":"0.75","bannerDefaultHeadlineDesktop":{"fontFamily":"Montserrat","fontWeight":"600","lineHeight":"120%","fontSize":"2.5rem","letterSpacing":"-1%"},"bannerContentPaddingDesktop":"1rem","bannerContentSpacingDesktop":"1.5rem","bannerTextSpacingDesktopLarge":"1rem","bannerBadgeBig":"4.375rem","bannerBadgeSmall":"3.125rem","bannerLogoHeight":"2rem","bannerDefaultHeadlineTablet":{"fontFamily":"Montserrat","fontWeight":"600","lineHeight":"120%","fontSize":"2rem","letterSpacing":"-1%"},"bannerDefaultHeadlineMobile":{"fontFamily":"Montserrat","fontWeight":"600","lineHeight":"120%","fontSize":"1.75rem","letterSpacing":"-1%"},"bannerBodyDesktop":{"fontFamily":"Inter","fontWeight":"300","lineHeight":"120%","fontSize":"1.125rem","letterSpacing":"0"},"bannerBodyTablet":{"fontFamily":"Inter","fontWeight":"300","lineHeight":"120%","fontSize":"1rem","letterSpacing":"0"},"bannerContentPaddingTablet":"1rem","bannerTextSpacingTabletLarge":"1rem","bannerContentSpacingTablet":"1rem","bannerBodyMobile":{"fontFamily":"Inter","fontWeight":"300","lineHeight":"120%","fontSize":"1rem","letterSpacing":"0"},"bannerContentPaddingMobile":"1rem","bannerContentSpacingMobile":"1rem","bannerTextSpacingMobileLarge":"1rem","bannerSmallHeadlineDesktop":{"fontFamily":"Inter","fontWeight":"600","lineHeight":"120%","fontSize":"1.5rem","letterSpacing":"0"},"bannerSmallHeadlineTablet":{"fontFamily":"Inter","fontWeight":"600","lineHeight":"120%","fontSize":"1.375rem","letterSpacing":"0"},"bannerSmallHeadlineMobile":{"fontFamily":"Inter","fontWeight":"600","lineHeight":"120%","fontSize":"1.25rem","letterSpacing":"0"},"bannerVerticalImageHeight":"21.875rem","bannerSmallVerticalImageHeight":"15.625rem","bannerSuperheadlineDesktop":{"fontFamily":"Inter","fontWeight":"600","lineHeight":"120%","fontSize":"1.125rem","letterSpacing":"0"},"bannerSuperheadlineTablet":{"fontFamily":"Inter","fontWeight":"600","lineHeight":"120%","fontSize":"1rem","letterSpacing":"0"},"bannerSuperheadlineMobile":{"fontFamily":"Inter","fontWeight":"600","lineHeight":"120%","fontSize":"0.875rem","letterSpacing":"0"},"bannerTextSpacingDesktopSmall":"0.25rem","bannerTextSpacingTabletSmall":"0.25rem","bannerTextSpacingMobileSmall":"0.25rem","bannerSpotlightBorderRadius":"8px","bannerStampMobileTablet":"6.25rem","bannerStampDesktop":"7.188rem","bannerStampPaddingSmall":"1.5rem","bannerStampPaddingDefault":"2.5rem","bannerStampTextSmall":{"fontFamily":"Inter","fontWeight":"300","lineHeight":"120%","fontSize":"0.75rem","letterSpacing":"0"},"bannerStampTextLarge":{"fontFamily":"Inter","fontWeight":"300","lineHeight":"120%","fontSize":"1.125rem","letterSpacing":"0"},"bannerStampTextExtraLarge":{"fontFamily":"Inter","fontWeight":"600","lineHeight":"120%","fontSize":"2.25rem","letterSpacing":"0"},"bannerSpotlightContentMinHeight":"11.25rem","bannerMaxWidth":"312.5rem","bannerFullBleedMaxWidth":"312.5rem","spotlightLogoImageSize":"6.25rem","mediaSpotlightImageDesktopMax":"25rem","mediaSpotlightScrollerDesktopMax":"42.188rem","mediaSpotlightImageDesktopSmallMax":"23.75rem","mediaSpotlightScrollerDesktopSmallMax":"33.25rem","mediaSpotlightImageTabletMax":"15.688rem","mediaSpotlightScrollerTabletMax":"33.563rem","mediaSpotlightImageMobileMax":"37.5rem","mediaSpotlightScrollerMobileMax":"37.5rem","mediaSpotlightImageDesktopMin":"15.625rem","bannerDesktopContainerMaxWidth":"84rem","bannerTabletContainerMaxWidth":"56rem","bannerInfoTitle":{"fontFamily":"Inter","fontWeight":"600","lineHeight":"120%","fontSize":"0.75rem","letterSpacing":"0"},"bannerInfoBody":{"fontFamily":"Inter","fontWeight":"300","lineHeight":"120%","fontSize":"0.625rem","letterSpacing":"0"},"bannerInfoSmall":"1.5rem","bannerInfoMedium":"6.875rem","bannerInfoLarge":"10.625rem","bannerInfoHeight":"1.5rem","bannerDesktopStandardHeight":"18.75rem","bannerTabletStandardHeight":"15.25rem","tableMediumPadding":"1rem","tableSmallPadding":"0.75rem","tableNarrowHeaderWidth":"10.5rem","tableEmphasizedText":{"fontFamily":"Inter","fontWeight":"600","lineHeight":"120%","fontSize":"1rem","letterSpacing":"0"},"tableDefaultText":{"fontFamily":"Inter","fontWeight":"300","lineHeight":"120%","fontSize":"1rem","letterSpacing":"0"},"blocksItemSmallInfo":{"fontFamily":"Inter","fontWeight":"300","lineHeight":"120%","fontSize":"0.75rem","letterSpacing":"0"},"blocksSmallInfo":{"fontFamily":"Inter","fontWeight":"300","lineHeight":"120%","fontSize":"0.75rem","letterSpacing":"0"},"blocksItemMediumInfo":{"fontFamily":"Inter","fontWeight":"300","lineHeight":"120%","fontSize":"0.875rem","letterSpacing":"0"},"blocksMediumInfo":{"fontFamily":"Inter","fontWeight":"300","lineHeight":"120%","fontSize":"0.875rem","letterSpacing":"0"},"blocksItemTitle":{"fontFamily":"Inter","fontWeight":"600","lineHeight":"120%","fontSize":"0.875rem","letterSpacing":"0"},"blocksInfoDefault":{"fontFamily":"Inter","fontWeight":"300","lineHeight":"120%","fontSize":"0.875rem","letterSpacing":"0"},"blocksTitle":{"fontFamily":"Inter","fontWeight":"600","lineHeight":"120%","fontSize":"0.875rem","letterSpacing":"0"},"blocksItemImageMin":"3.125rem","blocksItemImageMax":"5rem","blocksItemImagePreview":"3.125rem","blocksInfoMin":"7.5rem","blocksPriceMin":"3.125rem","blocksItemScrollHeight":"25rem","blocksIconSize":"1.5rem","breadcrumbsPaddingHorizontal":"0.5rem","browseSidebarAccordionTitleText":{"fontFamily":"Inter","fontWeight":"300","lineHeight":"120%","fontSize":"1rem","letterSpacing":"0"},"browseSidebarListHeight":"19.75rem","linkListItemDefault":{"fontFamily":"Inter","fontWeight":"300","lineHeight":"120%","fontSize":"1rem","letterSpacing":"0"},"linkListItemSelected":{"fontFamily":"Inter","fontWeight":"600","lineHeight":"120%","fontSize":"1rem","letterSpacing":"0"},"linkListItemHover":"underline","browseSidebarWidth":"18.75rem","browseSidebarSectionHeadingLarge":{"fontFamily":"Inter","fontWeight":"600","lineHeight":"120%","fontSize":"1.125rem","letterSpacing":"0"},"browseSidebarWidthSm":"13.125rem","activeFilterIcon":"0.5rem","browseSidebarSectionHeadingSmall":{"fontFamily":"Inter","fontWeight":"600","lineHeight":"120%","fontSize":"1rem","letterSpacing":"0"},"buttonSmallVertical":"0.25rem","buttonSmallHorizontal":"0.5rem","buttonSmallIcon":"0.875rem","buttonBorderRadius":"4px","buttonSmallInterior":"0.25rem","buttonMediumIcon":"1rem","buttonMediumHorizontal":"0.5rem","buttonMediumVertical":"0.25rem","buttonMediumInterior":"0.25rem","buttonLargeIcon":"1.5rem","buttonLargeVertical":"0.5rem","buttonLargeHorizontal":"0.5rem","buttonLargeInterior":"0.25rem","buttonBorderWidth":"1px","buttonSmallText":{"fontFamily":"Inter","fontWeight":"300","lineHeight":"120%","fontSize":"0.75rem","letterSpacing":"0"},"buttonMediumText":{"fontFamily":"Inter","fontWeight":"300","lineHeight":"120%","fontSize":"1rem","letterSpacing":"0"},"buttonLargeText":{"fontFamily":"Inter","fontWeight":"300","lineHeight":"120%","fontSize":"1rem","letterSpacing":"0"},"buttonSmallHeight":"1.5rem","buttonMediumHeight":"2rem","buttonLargeHeight":"2.5rem","buttonFaveBorderRadius":"4px","buttonUtilityBorderRadius":"8px","buttonUtilityBorderRadiusSm":"4px","buttonUtilityInterior":"0.5rem","buttonUtilityInteriorSm":"0.25rem","buttonUtilityText":{"fontFamily":"Inter","fontWeight":"300","lineHeight":"120%","fontSize":"0.875rem","letterSpacing":"0"},"buttonUtilityTextSm":{"fontFamily":"Inter","fontWeight":"300","lineHeight":"120%","fontSize":"0.75rem","letterSpacing":"0"},"buttonMinWidth":"1.5rem","buttonMenuHeight":"2rem","menuBorderRadius":"20px","buttonMenuInterior":"0.5rem","menuButtonText":{"fontFamily":"Inter","fontWeight":"300","lineHeight":"120%","fontSize":"0.75rem","letterSpacing":"0"},"cardHeadlineDesktop":{"fontFamily":"Inter","fontWeight":"600","lineHeight":"120%","fontSize":"1.5rem","letterSpacing":"0"},"cardHeadlineTablet":{"fontFamily":"Inter","fontWeight":"600","lineHeight":"120%","fontSize":"1.375rem","letterSpacing":"0"},"cardHeadlineMobile":{"fontFamily":"Inter","fontWeight":"600","lineHeight":"120%","fontSize":"1.25rem","letterSpacing":"0"},"cardBodyDesktop":{"fontFamily":"Inter","fontWeight":"300","lineHeight":"120%","fontSize":"1rem","letterSpacing":"0"},"cardBodyTablet":{"fontFamily":"Inter","fontWeight":"300","lineHeight":"120%","fontSize":"1rem","letterSpacing":"0"},"cardBodyMobile":{"fontFamily":"Inter","fontWeight":"300","lineHeight":"120%","fontSize":"0.875rem","letterSpacing":"0"},"cardContentPadding":"1rem","cardContentSpacing":"0.5rem","cardHorizontalImage":"7.5rem","cardHorizontalImageShort":"5rem","cardHorizontalBorderRadius":"8px","cardBorder":"1px","cardHorizontalImageRadius":"4px","cardVerticalBorderRadius":"8px","cardBorderStyle":{"color":"#cccccc","width":"1px","style":"solid"},"cardCollectionSpacing":"1.25rem","cardMiniInfoImage":"3.125rem","cardInfoHeadline":{"fontFamily":"Inter","fontWeight":"600","lineHeight":"120%","fontSize":"1rem","letterSpacing":"0"},"cardInfoBody":{"fontFamily":"Inter","fontWeight":"300","lineHeight":"120%","fontSize":"0.875rem","letterSpacing":"0"},"cardInfoDisclaimer":{"fontFamily":"Inter","fontWeight":"300","lineHeight":"120%","fontSize":"0.625rem","letterSpacing":"0"},"cardInfoMinWidth":"17.5rem","cardInfoMaxWidth":"22.938rem","cardInfoIcon":"1rem","cardInfoPadding":"1rem","cardMiniInfoWidth":"10.938rem","cardInfoBorderRadius":"8px","cardCollectionPadding":"0.75rem","cardCollectionOuterPadding":"0.5rem","cardVert2UpDesktopMinWidth":"28.125rem","cardVert2UpTabletLargeMinWidth":"28.125rem","cardVert2UpTabletMinWidth":"21.25rem","cardVert2UpMobileMinWidth":"15.125rem","cardVert3UpDesktopMinWidth":"18.25rem","cardVert3UpTabletLargeMinWidth":"22rem","cardVert3UpTabletMinWidth":"15.25rem","cardVert3UpMobileMinWidth":"15.25rem","cardVert4UpDesktopMinWidth":"16rem","cardVert4UpTabletLargeMinWidth":"16rem","cardVert4UpTabletMinWidth":"15.25rem","cardVert4UpMobileMinWidth":"15.25rem","cardHoriz1UpMobileMinWidth":"22.5rem","cardHoriz1UpTabletMinWidth":"37.5rem","cardHoriz1UpTabletLargeMinWidth":"54.25rem","cardHoriz1UpDesktopMinWidth":"60rem","cardHoriz2UpMobileMinWidth":"22.5rem","cardHoriz2UpTabletMinWidth":"25.875rem","cardHoriz2UpTabletLargeMinWidth":"25rem","cardHoriz2UpDesktopMinWidth":"31.25rem","cardHoriz3UpMobileMinWidth":"18.5rem","cardHoriz3UpTabletMinWidth":"25.875rem","cardHoriz3UpTabletLargeMinWidth":"22.5rem","cardHoriz3UpDesktopMinWidth":"19.25rem","cardBentoSpacing":"1rem","cardBentoBorderRadius":"8px","cardBentoHeadMinHeight":"1.5rem","cardBentoSmWidth":"18.5rem","cardBentoMdWidth":"19.375rem","cardBentoLgWidth":"none","cardBentoImageHeight":"5.5rem","cardBentoImageWidth":"5.5rem","controlIconMedium":"1.25rem","controlIconLarge":"1.25rem","checkboxBorderRadius":"2px","controlSmallLabel":{"fontFamily":"Inter","fontWeight":"300","lineHeight":"120%","fontSize":"0.625rem","letterSpacing":"0"},"controlMediumLabel":{"fontFamily":"Inter","fontWeight":"300","lineHeight":"120%","fontSize":"0.75rem","letterSpacing":"0"},"controlLargeLabel":{"fontFamily":"Inter","fontWeight":"300","lineHeight":"120%","fontSize":"1rem","letterSpacing":"0"},"controlBorderWidth":"1px","switchBorderRadius":"20px","controlMediumLabelPadding":"0.125rem","controlLargeLabelPadding":"0rem","controlSwitchLgHeight":"1.875rem","controlSwitchMedHeight":"1.5rem","controlSwitchMedWidth":"3rem","controlSwitchLgWidth":"3.75rem","controlSwitchIconSize":"0.875rem","drawerWidthMed":"32rem","drawerWidthSm":"28rem","drawerWidthLg":"42rem","drawerFooterElevation":"0px 0px 0px 0px #000","footerTopText":{"fontFamily":"Inter","fontWeight":"600","lineHeight":"120%","fontSize":"0.875rem","letterSpacing":"0"},"footerBottomText":{"fontFamily":"Inter","fontWeight":"300","lineHeight":"120%","fontSize":"0.75rem","letterSpacing":"0"},"filterChipIconSize":"1rem","filterChipIconSizeLarge":"1.25rem","filterChipVertical":"0.125rem","filterChipHorizontal":"0.5rem","filterChipBorderRadius":"20px","filterChipText":{"fontFamily":"Inter","fontWeight":"300","lineHeight":"120%","fontSize":"0.75rem","letterSpacing":"0"},"filterQuickfilterHeight":"2rem","filterSortIconSize":"1.25rem","filterSortPadding":"0.25rem","filterSortItemHeight":"2rem","filterQuickFilterBorderRadius":"4px","quickFilterBorderWidth":{"color":"#cccccc","width":"1px","style":"solid"},"sortDropdownWidth":"11.25rem","sortDropdownHeight":"2rem","navChipIconSize":"1rem","navChipPaddingVertical":"0.5rem","navChipPaddingHorizontal":"1rem","navChipBorderRadius":"40px","navChipText":{"fontFamily":"Inter","fontWeight":"300","lineHeight":"120%","fontSize":"1rem","letterSpacing":"0"},"navChipMaxWidth":"12.5rem","formMediumLabelText":{"fontFamily":"Inter","fontWeight":"300","lineHeight":"120%","fontSize":"1rem","letterSpacing":"0"},"formMediumIcon":"1.25rem","formLargeIcon":"1.5rem","tooltipSize":"1rem","formHelperText":{"fontFamily":"Inter","fontWeight":"300","lineHeight":"120%","fontSize":"0.75rem","letterSpacing":"0"},"formMediumInputText":{"fontFamily":"Inter","fontWeight":"300","lineHeight":"120%","fontSize":"1rem","letterSpacing":"0"},"formMediumVertical":"0.25rem","formMediumHorizontal":"0.5rem","formInterior":"0.5rem","formLargeInputText":{"fontFamily":"Inter","fontWeight":"300","lineHeight":"120%","fontSize":"1rem","letterSpacing":"0"},"formLargeVertical":"0.5rem","formBorderRadius":"4px","formSearchBorderRadius":"20px","formLargeHorizontal":"0.5rem","formLargeLabelText":{"fontFamily":"Inter","fontWeight":"300","lineHeight":"120%","fontSize":"1rem","letterSpacing":"0"},"formSearchMediumHorizontal":"1rem","formSearchLargeHeight":"2.5rem","formTextAreaHeight":"5.625rem","formMiniFormButtonAlignment":"1.375rem","formTextMinWidth":"15.625rem","fulfillmentImage":"2.5rem","fulfillmentImageBorderRadius":"4px","fulfillmentHeadlineBold":{"fontFamily":"Inter","fontWeight":"600","lineHeight":"120%","fontSize":"1rem","letterSpacing":"0"},"fulfillmentIconInfo":"1rem","fulfillmentBodyRegular":{"fontFamily":"Inter","fontWeight":"300","lineHeight":"120%","fontSize":"0.875rem","letterSpacing":"0"},"fulfillmentBodyBold":{"fontFamily":"Inter","fontWeight":"600","lineHeight":"120%","fontSize":"0.875rem","letterSpacing":"0"},"fulfillmentIcon":"1.5rem","fulfillmentIconStatus":"1rem","fulfillmentDisclaimer":{"fontFamily":"Inter","fontWeight":"300","lineHeight":"120%","fontSize":"0.75rem","letterSpacing":"0"},"fulfillmentHeadlineRegular":{"fontFamily":"Inter","fontWeight":"300","lineHeight":"120%","fontSize":"1rem","letterSpacing":"0"},"fulfillmentHeadlineBoldSmall":{"fontFamily":"Inter","fontWeight":"600","lineHeight":"120%","fontSize":"0.875rem","letterSpacing":"0"},"fulfillmentHeadlineRegularSmall":{"fontFamily":"Inter","fontWeight":"300","lineHeight":"120%","fontSize":"0.875rem","letterSpacing":"0"},"iconButtonSmallIconSize":"1rem","iconButtonLargeIconSizeMobile":"1.5rem","iconButtonSmallBorderRadius":"16px","iconButtonSmallSize":"2rem","iconButtonLargeSize":"5rem","iconButtonLargeSizeMobile":"3.75rem","iconButtonLargeIconSize":"1.5rem","iconButtonLargeSpacing":"0.75rem","iconButtonSmallPadding":"0.5rem","iconButtonLargeBorderRadius":"40px","iconButtonDefaultText":{"fontFamily":"Inter","fontWeight":"600","lineHeight":"120%","fontSize":"0.75rem","letterSpacing":"0"},"imageGalleryThumbnailSize":"5rem","imageGalleryTallThumbnailSize":"6.25rem","imageGalleryThumbnailImageSize":"3.75rem","imageGalleryTallThumbnailImageSize":"5rem","imageGalleryButtonPaddingLarge":"1.5rem","imageGalleryBorderRadius":"8px","imageGalleryHeadlinePadding":"3.5rem","imageGalleryCaptionText":{"fontFamily":"Inter","fontWeight":"300","lineHeight":"120%","fontSize":"1rem","letterSpacing":"0"},"imageGallerySeeMoreText":{"fontFamily":"Inter","fontWeight":"600","lineHeight":"120%","fontSize":"1.125rem","letterSpacing":"0"},"imageGalleryControlNavDotLarge":"0.625rem","imageGalleryControlNavDotMed":"0.5rem","imageGalleryControlNavDotSmall":"0.375rem","imageGalleryControlNavDotLast":"0.25rem","imageGalleryImageMaxHeightLarge":"31.25rem","imageGalleryImageMaxHeightSmall":"23.125rem","imageGalleryImageZoomMaxHeight":"50rem","imageGalleryThumbnailText":{"fontFamily":"Inter","fontWeight":"600","lineHeight":"120%","fontSize":"0.625rem","letterSpacing":"0"},"imageGalleryThumbnailZoomMaxWidthLg":"55rem","imageGalleryThumbnailZoomMaxWidthMd":"54.5rem","imageGalleryThumbnailZoomMaxWidthSm":"22.5rem","imageGridSixUpDesktopMax":"10.813rem","imageGridSixUpDesktopMin":"7.875rem","imageGridFourUpDesktopMax":"16.563rem","imageGridFourUpDesktopMin":"12.125rem","imageGridThreeUpDesktopMin":"16.563rem","imageGridThreeUpDesktopMax":"22.5rem","imageGridTwoUpDesktopMax":"34rem","imageGridTwoUpDesktopMin":"25.125rem","imageGridSixUpMobileMax":"11.5rem","imageGridSixUpMobileMin":"7.25rem","imageGridFourUpMobileMax":"17.813rem","imageGridFourUpMobileMin":"11.438rem","imageGridThreeUpMobileMax":"17.813rem","imageGridThreeUpMobileMin":"11.438rem","imageGridTwoUpMobileMax":"25.063rem","imageGridTwoUpMobileMin":"17.313rem","informationtextSmallInnerSpacing":"0.25rem","informationtextMediumInnerSpacing":"0.5rem","informationtextDefaultIcon":"1.25rem","informationtextDefaultText":{"fontFamily":"Inter","fontWeight":"300","lineHeight":"120%","fontSize":"0.875rem","letterSpacing":"0"},"informationtextBorderWidth":"1px","linkIconSize":"1rem","linkDefault":{"fontFamily":"Inter","fontWeight":"300","lineHeight":"120%","fontSize":"1rem","letterSpacing":"0"},"linkUnderline":"underline","linkSmall":{"fontFamily":"Inter","fontWeight":"300","lineHeight":"120%","fontSize":"0.875rem","letterSpacing":"0"},"linkExtraSmall":{"fontFamily":"Inter","fontWeight":"300","lineHeight":"120%","fontSize":"0.75rem","letterSpacing":"0"},"linkIconSizeXs":"0.875rem","menuSmallInnerSpacing":"0.25rem","menuMediumInnerSpacing":"0.375rem","menuExtraSmallPadding":"0.375rem","menuSmallPadding":"0.5rem","menuDefaultButton":{"fontFamily":"Inter","fontWeight":"300","lineHeight":"120%","fontSize":"0.875rem","letterSpacing":"0"},"menuDefaultIcon":"1.5rem","menuEmphasizedButton":{"fontFamily":"Inter","fontWeight":"600","lineHeight":"120%","fontSize":"0.875rem","letterSpacing":"0"},"menuExtraLargePadding":"2rem","menuExtraSmallInnerSpacing":"0.125rem","menuSmallIcon":"1.25rem","menuMediumButton":{"fontFamily":"Inter","fontWeight":"300","lineHeight":"120%","fontSize":"1rem","letterSpacing":"0"},"menuMediumPadding":"1rem","menuSmallBorderRadius":"12px","menuDefaultBorderRadius":"20px","menuLargePadding":"1.5rem","menuLargeInnerSpacing":"0.75rem","menubuttonUnderline":"underline","menuExtraLargeInnerSpacing":"1rem","menuLeftSidebarWidth":"14.25rem","menuMaxWidth":"312.5rem","menuSimpleLogoWidth":"8.75rem","menuSimpleHeight":"5rem","menuSmallText":{"fontFamily":"Inter","fontWeight":"300","lineHeight":"120%","fontSize":"0.75rem","letterSpacing":"0"},"menuExtraLargeBorderRadius":"32px","menuTileScrollerTextHeight":"2rem","menuTileScrollerPadding":"0.5rem","menuTileScrollerBorderRadius":"8px","menuTileScrollerSpacing":"0.25rem","menuTileScrollerWidthDefault":"6.25rem","horizontalMenuTileHeight":"3.5rem","horizontalMenuTileImageSize":"2.5rem","menuTileText":{"fontFamily":"Inter","fontWeight":"300","lineHeight":"120%","fontSize":"0.75rem","letterSpacing":"0"},"horizontalMenuTileMinWidth":"11rem","horizontalMenuTileMaxWidth":"20rem","menuTileImageBorderRadius":"8px","miniProductTileHeight":"5.75rem","miniProductTileImageSize":"3.75rem","miniProductTileBorderRadius":"8px","miniProductTileBorder":"1px","miniProductTileActiveOpacity":"0.5","miniProductTileMinWidth":"17.5rem","miniProductTileMaxWidth":"22.938rem","modalsItemHeaderBold":{"fontFamily":"Inter","fontWeight":"600","lineHeight":"120%","fontSize":"1rem","letterSpacing":"0"},"modalsItemHeaderRegular":{"fontFamily":"Inter","fontWeight":"300","lineHeight":"120%","fontSize":"1rem","letterSpacing":"0"},"modalsDetailsBody":{"fontFamily":"Inter","fontWeight":"600","lineHeight":"120%","fontSize":"0.75rem","letterSpacing":"0"},"modalsItemImage":"5rem","modalsItemListBold":{"fontFamily":"Inter","fontWeight":"600","lineHeight":"120%","fontSize":"1.125rem","letterSpacing":"0"},"modalsStrikethrough":"line-through","modalsTitle":{"fontFamily":"Inter","fontWeight":"600","lineHeight":"120%","fontSize":"2.25rem","letterSpacing":"0"},"modalsTitleSmall":{"fontFamily":"Inter","fontWeight":"600","lineHeight":"120%","fontSize":"1.5rem","letterSpacing":"0"},"modalsLargeContentSpacing":"1.5rem","modalsMediumContentSpacing":"1rem","modalsSmallContentSpacing":"0.5rem","modalsDefaultPadding":"1.5rem","modalsLargePadding":"2.5rem","modalsSmallPadding":"0.5rem","modalsCloseIcon":"1.25rem","modalsCloseFrame":"3rem","modalsBorderRadius":"4px","modalsBorderRadiusSheet":"12px","modalsScrollHeight":"15.625rem","modalsSmall":"25rem","modalsMedium":"37.5rem","modalsLarge":"50rem","modalsExtraLarge":"62.5rem","modalsMinHeight":"15.625rem","modalsMaxWidth":"87.5rem","modalsMaxHeight":"36.25rem","modalsMinWidth":"18.75rem","modalsContentMaxHeight":"12.5rem","modalsOfferReward":{"fontFamily":"Inter","fontWeight":"600","lineHeight":"120%","fontSize":"2.25rem","letterSpacing":"0"},"modalsOfferRewardWas":{"fontFamily":"Montserrat","lineHeight":"120%","fontSize":"2.25rem","letterSpacing":"0","textDecoration":"line-through","fontWeight":"600"},"modalsOfferImgTitle":{"fontFamily":"Inter","fontWeight":"600","lineHeight":"120%","fontSize":"1.125rem","letterSpacing":"0"},"modalsOfferQualification":{"fontFamily":"Inter","fontWeight":"300","lineHeight":"120%","fontSize":"1.125rem","letterSpacing":"0"},"modalsOfferQualificationBold":{"fontFamily":"Inter","fontWeight":"600","lineHeight":"120%","fontSize":"1.125rem","letterSpacing":"0"},"modalsOfferSubcopy":{"fontFamily":"Inter","fontWeight":"300","lineHeight":"120%","fontSize":"0.75rem","letterSpacing":"0"},"modalsOfferImageMaxHeight":"13.75rem","offerTileHeaderLogoSize":"1.125rem","offerTileHeaderPaddingVertical":"0.125rem","offerTileHeaderGap":"0.125rem","offerTileHeaderText":{"fontFamily":"Inter","fontWeight":"300","lineHeight":"120%","fontSize":"0.75rem","letterSpacing":"0"},"offerTileHeaderIconSize":"1rem","offerTileStandardWidth":"10.875rem","offerTileBorderRadius":"8px","offerTileMiniHeight":"5.875rem","offerTileImageAreaHeight":"7.875rem","offerTileImageActive":"1","offerTileImageInactive":"0.5","offerTileProductImageSize":"6.25rem","offerTileHeroImageSize":"7.875rem","offerTileMiniMinWidth":"17.5rem","offerTileMiniMaxWidth":"22.938rem","offerTileRewardText":{"fontFamily":"Inter","fontWeight":"600","lineHeight":"120%","fontSize":"1rem","letterSpacing":"0"},"offerTileRewardTextWas":{"fontFamily":"Inter","fontWeight":"600","fontSize":"1rem","lineHeight":"130%","letterSpacing":"0","textDecoration":"line-through"},"offerTileTitleText":{"fontFamily":"Inter","fontWeight":"600","lineHeight":"120%","fontSize":"1rem","letterSpacing":"0"},"offerTileSubcopyText":{"fontFamily":"Inter","fontWeight":"300","fontSize":"0.75rem","lineHeight":"130%","letterSpacing":"0","textDecoration":"none"},"offerTileQualificationText":{"fontFamily":"Inter","fontWeight":"300","lineHeight":"120%","fontSize":"0.875rem","letterSpacing":"0"},"offerTileQualificationBoldText":{"fontFamily":"Inter","fontWeight":"600","lineHeight":"120%","fontSize":"0.875rem","letterSpacing":"0"},"offerTileBorderWidth":"1px","offerTileLargeWidth":"21.375rem","offerTilePaddingLarge":"1rem","offerTilePaddingMedium":"0.5rem","offerTileMiniQualificationText":{"fontFamily":"Inter","fontWeight":"300","lineHeight":"120%","fontSize":"0.75rem","letterSpacing":"0"},"offerTileMiniQualificationBoldText":{"fontFamily":"Inter","fontWeight":"600","lineHeight":"120%","fontSize":"0.75rem","letterSpacing":"0"},"offerTileMiniImageSize":"5rem","offerTileMinHeight":"16.75rem","offerTileMiniMinHeight":"5.875rem","offerTileMiniMaxHeight":"7.375rem","orderPrefFulfHeadline":{"fontFamily":"Inter","fontWeight":"600","lineHeight":"120%","fontSize":"1.125rem","letterSpacing":"0"},"orderPrefFulfDetail":{"fontFamily":"Inter","fontWeight":"300","lineHeight":"120%","fontSize":"0.75rem","letterSpacing":"0"},"orderPrefBorderRadius":"8px","orderPrefBorderWidth":"1px","ordersummaryDefault":{"fontFamily":"Inter","fontWeight":"300","lineHeight":"120%","fontSize":"1rem","letterSpacing":"0"},"ordersummaryBold":{"fontFamily":"Inter","fontWeight":"600","lineHeight":"120%","fontSize":"1rem","letterSpacing":"0"},"ordersummarySmall":{"fontFamily":"Inter","fontWeight":"300","lineHeight":"120%","fontSize":"0.75rem","letterSpacing":"0"},"ordersummaryWidthDesktop":"18.75rem","ordersummaryLineItemWidth":"5.313rem","ordersummaryTooltipWidth":"12.5rem","ordersummaryBorderStyle":{"color":"#cccccc","width":"1px","style":"solid"},"ordersummaryBorderRadius":"8px","ordersummaryPadding":"1.5rem","ordersummaryElevation":"0px 0px 0px 0px #000","paginationButtonSize":"2.25rem","paginationButtonBorderRadius":"4px","paginationButtonText":{"fontFamily":"Inter","fontWeight":"300","lineHeight":"120%","fontSize":"1rem","letterSpacing":"0"},"paginationBorderStyle":{"width":"0","style":"solid","color":"#cccccc"},"paginationIconSize":"1rem","pcoBasePointsText":{"fontFamily":"Inter","fontWeight":"300","lineHeight":"120%","fontSize":"0.875rem","letterSpacing":"0"},"priceText":{"fontFamily":"Inter","fontWeight":"600","lineHeight":"120%","fontSize":"0.875rem","letterSpacing":"0"},"priceTextSmall":{"fontFamily":"Inter","fontWeight":"600","lineHeight":"120%","fontSize":"0.75rem","letterSpacing":"0"},"priceWasTextSmall":{"fontFamily":"Inter","fontWeight":"300","lineHeight":"120%","fontSize":"0.75rem","letterSpacing":"0"},"priceBigDeal":{"fontFamily":"Inter","fontWeight":"600","lineHeight":"120%","fontSize":"1.125rem","letterSpacing":"0"},"priceTextSecondary":{"fontFamily":"Inter","fontWeight":"600","lineHeight":"120%","fontSize":"1.125rem","letterSpacing":"0"},"priceWasText":{"fontFamily":"Inter","fontWeight":"300","lineHeight":"120%","fontSize":"0.875rem","letterSpacing":"0"},"priceWasTextSecondary":{"fontFamily":"Inter","fontWeight":"300","lineHeight":"120%","fontSize":"1rem","letterSpacing":"0"},"priceTextPrimary":{"fontFamily":"Montserrat","fontWeight":"600","lineHeight":"120%","fontSize":"1.5rem","letterSpacing":"1%"},"priceWasTextPrimary":{"fontFamily":"Inter","fontWeight":"300","lineHeight":"120%","fontSize":"1.125rem","letterSpacing":"0"},"priceDescriptor":{"fontFamily":"Inter","fontWeight":"300","lineHeight":"120%","fontSize":"1rem","letterSpacing":"0"},"priceInfoTitle":{"fontFamily":"Inter","fontWeight":"600","lineHeight":"120%","fontSize":"0.875rem","letterSpacing":"0"},"priceInfoSubtitle":{"fontFamily":"Inter","fontWeight":"300","lineHeight":"120%","fontSize":"0.875rem","letterSpacing":"0"},"priceInfoDetails":{"fontFamily":"Inter","fontWeight":"300","lineHeight":"120%","fontSize":"0.75rem","letterSpacing":"0"},"priceInfoBorderWidth":"3px","priceUnitText":{"fontFamily":"Inter","fontWeight":"300","lineHeight":"120%","fontSize":"0.75rem","letterSpacing":"0"},"priceTaxText":{"fontFamily":"Inter","fontWeight":"300","lineHeight":"120%","fontSize":"0.75rem","letterSpacing":"0"},"priceTextSmallDeem":{"fontFamily":"Inter","fontWeight":"300","lineHeight":"120%","fontSize":"0.75rem","letterSpacing":"0"},"priceTextXSmall":{"fontFamily":"Inter","fontWeight":"300","lineHeight":"120%","fontSize":"0.625rem","letterSpacing":"0"},"priceTextXSmallDeem":{"fontFamily":"Inter","fontWeight":"300","lineHeight":"120%","fontSize":"0.625rem","letterSpacing":"0"},"productTilePadding":"0.5rem","productTileTitle":{"fontFamily":"Inter","fontWeight":"600","lineHeight":"120%","fontSize":"0.875rem","letterSpacing":"0"},"productTilePackageSize":{"fontFamily":"Inter","fontWeight":"300","lineHeight":"120%","fontSize":"0.75rem","letterSpacing":"0"},"productTilePcoCallout":{"fontFamily":"Inter","fontWeight":"600","lineHeight":"120%","fontSize":"0.75rem","letterSpacing":"0"},"productTileVariants":{"fontFamily":"Inter","fontWeight":"300","lineHeight":"120%","fontSize":"0.75rem","letterSpacing":"0"},"productTileInventory":{"fontFamily":"Inter","fontWeight":"300","lineHeight":"120%","fontSize":"0.75rem","letterSpacing":"0"},"productTileVariantIcon":"0.875rem","productTileBorderRadius":"4px","productTileBrandTitle":{"fontFamily":"Inter","fontWeight":"300","lineHeight":"120%","fontSize":"0.75rem","letterSpacing":"0"},"productTileImageHeight":"6.875rem","productTileBadgeHeight":"1.125rem","productTileInfoHeight":"3.875rem","productTilePackageSizePadding":"0.125rem","productTileMemberPrice":{"fontFamily":"Inter","fontWeight":"300","lineHeight":"120%","fontSize":"0.75rem","letterSpacing":"0"},"productTileHorizAtlMinHeight":"8.813rem","productTileImageWidth":"6.875rem","productTileImageAreaWidth":"9.625rem","productTileBorderStyle":{"color":"#cccccc","width":"1px","style":"solid"},"productTileAddOnText":{"fontFamily":"Inter","fontWeight":"600","lineHeight":"120%","fontSize":"0.75rem","letterSpacing":"0"},"productTileRecipientBody":{"fontFamily":"Inter","fontWeight":"300","lineHeight":"120%","fontSize":"0.75rem","letterSpacing":"0"},"productTileRecipientTitle":{"fontFamily":"Inter","fontWeight":"600","lineHeight":"120%","fontSize":"0.75rem","letterSpacing":"0"},"productTileGcBorderRadius":"4px","productTileTextMinWidth":"6.25rem","productTileTextMinWidthLg":"15.875rem","productTilePriceMinWidth":"6.25rem","productTilePriceMaxWidth":"12.5rem","productTileColumnGap":"2rem","productTileInvBadgeWidth":"3.125rem","productTileWidth":"10.625rem","productTileRecipientMaxWidth":"26.5rem","productTileTaxText":{"fontFamily":"Inter","fontWeight":"300","lineHeight":"120%","fontSize":"0.75rem","letterSpacing":"0"},"productTitleBrandText":{"fontFamily":"Inter","fontWeight":"600","lineHeight":"120%","fontSize":"0.875rem","letterSpacing":"0"},"productTileFrameBorderStyle":{"color":"#FFEFD1","width":"2px","style":"solid"},"productTileFrameBadgeText":{"fontFamily":"Inter","fontWeight":"300","lineHeight":"120%","fontSize":"0.75rem","letterSpacing":"0"},"productTileFrameBadgeHeight":"2rem","productTileFrameBadgePadding":"0.5rem","radiocardTitle":"radiocard.title","radiocardBody":"radiocard.body","radiocardSmallSpacing":"0.25rem","radiocardLargeSpacing":"1rem","radiocardLargePadding":"1rem","scrollbarBorderRadius":"12px","scrollbarHorizontalHeight":"0.875rem","scrollbarVerticalWidth":"0.75rem","queryIconSize":"1.25rem","queryImageSize":"2.5rem","searchItemPaddingRight":"1rem","searchItemPaddingLeft":"0.5rem","queryItemTyped":{"fontFamily":"Inter","fontWeight":"300","lineHeight":"120%","fontSize":"0.875rem","letterSpacing":"0"},"queryItemSuggested":{"fontFamily":"Inter","fontWeight":"600","lineHeight":"120%","fontSize":"0.875rem","letterSpacing":"0"},"queryItemBorderWidth":"1px","itemTextPaddingTop":"1rem","leftIndicatorSize":"2.5rem","itemTextPaddingBottom":"1rem","searchDropdownWidth":"34.625rem","searchDropdownPaddingLeft":"0rem","searchDropdownPaddingRight":"0rem","searchDropdownPaddingTop":"0rem","searchDropdownPaddingBottom":"0rem","searchDropdownBorderWidth":"8px","selectorContentSpacingDefault":"0.25rem","selectorContentSpacingSmall":"0.125rem","selectorBorderRadius":"8px","selectorHeaderDefault":{"fontFamily":"Inter","fontWeight":"600","lineHeight":"120%","fontSize":"1rem","letterSpacing":"0"},"selectorHeaderSmall":{"fontFamily":"Inter","fontWeight":"600","lineHeight":"120%","fontSize":"0.875rem","letterSpacing":"0"},"selectorBodyText":{"fontFamily":"Inter","fontWeight":"300","lineHeight":"120%","fontSize":"0.75rem","letterSpacing":"0"},"selectorBorderDefault":{"color":"#333333","width":"1","style":"solid"},"selectorBorderHover":{"color":"#757575","width":"1","style":"solid"},"selectorBorderPressed":{"color":"#666b73","width":"1","style":"solid"},"selectorBorderSelected":{"color":"#00817F","width":"2","style":"solid"},"selectorMinWidth":"5rem","selectorBorderDisabled":{"color":"#cccccc","width":"1","style":"solid"},"skeletonProductTileImage":"6.875rem","skeletonButtonHeight":"2.5rem","skeletonLarge01Desktop":"3.875rem","skeletonLarge02Desktop":"3rem","skeletonLarge04Desktop":"1.875rem","skeletonBodyText":"1.25rem","skeletonSmallText":"1rem","skeletonLarge01Tablet":"3.25rem","skeletonLarge02Tablet":"2.25rem","skeletonLarge04Tablet":"1.5rem","skeletonLarge01Mobile":"2.5rem","skeletonLarge02Mobile":"2rem","skeletonLarge04Mobile":"1.375rem","sliderBorderRadius":"20px","sliderIndicatorPadding":"0.5rem","sliderIndicatorSpacing":"0.5rem","sliderIndicatorBorder":"1px","sliderArrowBorderRadius":"32px","sliderArrowDefault":"3.25rem","sliderArrowSmall":"2.375rem","sliderIndicatorDot":"0.625rem","sliderChevronIcon":"1.75rem","sliderArrowDistance":"9.375rem","starLarge":"1.25rem","starSmall":"0.875rem","starSpaceBetween":"0rem","starRatingReviewText":{"fontFamily":"Inter","fontWeight":"300","lineHeight":"120%","fontSize":"0.75rem","letterSpacing":"0"},"starRatingLargeReviewText":{"fontFamily":"Inter","fontWeight":"300","lineHeight":"120%","fontSize":"1rem","letterSpacing":"0"},"tileHeadlineDesktop":{"fontFamily":"Inter","fontWeight":"600","lineHeight":"120%","fontSize":"1.5rem","letterSpacing":"0"},"desktopTileContentPadding":"0.75rem","desktopTileTextSpacing":"0.5rem","tileHeadlineTablet":{"fontFamily":"Inter","fontWeight":"600","lineHeight":"120%","fontSize":"1.375rem","letterSpacing":"0"},"tileHeadlineMobile":{"fontFamily":"Inter","fontWeight":"600","lineHeight":"120%","fontSize":"1.25rem","letterSpacing":"0"},"tileBodyDesktop":{"fontFamily":"Inter","fontWeight":"300","lineHeight":"120%","fontSize":"1rem","letterSpacing":"0"},"tileBodyTablet":{"fontFamily":"Inter","fontWeight":"300","lineHeight":"120%","fontSize":"1rem","letterSpacing":"0"},"tabletTilePadding":"1rem","tabletTileTextSpacing":"0.5rem","tileBodyMobile":{"fontFamily":"Inter","fontWeight":"300","lineHeight":"120%","fontSize":"0.875rem","letterSpacing":"0"},"mobileTileContentPadding":"1rem","mobileTileTextSpacing":"0.5rem","tileHorizontalHeight":"12.063rem","tileVerticalContentHeight":"13rem","tileVerticalImageHeight":"10.813rem","tileTallVerticalImageHeight":"21.625rem","galleryScrollerGap":"0.5rem","menuTileGroupGap":"0.5rem","menuTileGroupMinHeight":"25rem","menuTileGroupMinWidth":"17.5rem","menuTileGroupImagePadding":"0.5rem","menuTileGroupContentGap":"0.75rem","variantsSelectedRing":"3rem","variantsSwatch":"2.25rem","variantsPaddingDefault":"0.5rem","variantsPaddingLarge":"1rem","variantsSpacingSmall":"0.25rem","variantsBorderRadiusLarge":"40px","variantsBorderRadiusMedium":"10px","variantsBorderRadiusSmall":"4px","variantsSwatchDefault":"1px","variantsDropdownIcon":"1.5rem","variantsChipText":{"fontFamily":"Inter","fontWeight":"300","lineHeight":"120%","fontSize":"0.875rem","letterSpacing":"0"},"variantsDropdownHeight":"18.75rem"}},"bannerSettingsData":{"banner":"loblaw","bannerDisplayName":"Loblaws","titleData":{"bannerTitle":"Loblaws","rapidBannerTitle":"PC Express Rapid Delivery"},"site":"loblaw"},"featureFlagsData":{"contentfulFlags":{"EnableGoogleShoppingChanges":true,"EnableChangeFulfillmentModeButton":true,"ForterScript":true,"Kameleoon":true,"SubscribeEarn":true,"EnableHolisticSubs":true,"PCXPassVoucherInput":true,"BffContactUsMigration":true,"isOtelEnabled":true,"AsyncSubsManagmentWeb":true,"GeolocationMigration":true,"BillSeventyTwoPlusTaxBadge":true,"EnableHRESubstitutionsEndpoint":true,"EnablePCXSampling":true,"EnableHREFrequentlyPurchasedEndpoint":true,"AddToList":true,"FulfillmentWidgetAutoPopUp":true,"AllPickupLocationsBFF":true,"HREMigration":true,"RapidOrderTracking":true,"EnableAdBlockerCircumventionA":true,"PickupLocationsDetailsBFF":true,"EnableHeliosSRP":true,"EnableRecommendationsV2Endpoint":true,"EnableShoppingListV2Endpoint":true,"EnableLoyaltyOffersV2Endpoint":true,"EnableNewAnnualPlanForPCXPass":true,"DeliveryTipping":true,"GiftCards":true,"NoTaxEvent":true,"MealPlannerChat":true,"EnableUsernameNotFoundException":true,"FulfillmentAutomatedRefundPhotoUpload":true,"FulfillmentAutomatedRefund":true,"EnableNewPCOIPlanForPCXPass":true,"AdaSupportChatBot":true,"ShowPCORedemption":true,"ShowPCORedemptionOnlyInPilotStores":true,"HideHomepageContentfulEntries":true,"EnableHeliosFlyerItems":true,"PCXPassCancellationSurvey":true,"EnableCartCheckoutAccountBFFMigration":true,"EnableCollectionsRichgrid":true,"DigitalFlyerSubscriptions":true,"AllDealsAndFlyerForecastAd":true,"FlippFlyerV2":true,"ShowFlyerRedesignV2":true,"EnableBffApi":true,"EnableIcebergFulfillmentToast":true,"EnableIcebergTopBar":true,"EnableHeliosHomepage":true,"EnableSEOSearchRelatedAndCanonicalTerms":true,"featureFlagFaasFpsIos":true,"EnableHeliosHeroCarousel":true,"settingsFeatureFlagFaasFmsIos":true,"settingsFeatureFlagFaasFpsAndroidProd":true,"EnableHolidayInsidersCarousel":true,"EnableHeliosCollectionsv2":true,"OrderDashboard":true,"isV4TimeslotApiEnabled":true,"MembersOnlyPricing":true,"ShowPCORedemptionPilotStorePhaseOne":true,"SearchPromoTileGAMAd2":true,"SearchPromoTileGAMAd1":true,"EnableRapidMode":true,"EnableBrowseMigrationCookieB":true,"PCXPassResubscribe":true,"SignaLayer":true,"MoEngage":true,"PCXPassUpgradePlan":true,"AddressAutocompleteCheckout":true,"ShopJoeFreshOnGrocery":true,"PDPGAMAdUnitEnabled":true,"UseSEOStoreID":true,"EnableHeliosClpPlp":true,"FulfillmentAsAService":true,"IsPcxPassAdUnitContentful":true,"GoGreenPackagingV2":true,"PcExpressPass":true,"EnableLeaderboardSearchResultGrid":true,"SnowplowAnalyticsPhaseTwo":true,"EnableHeliosSnowplow":true,"EnableFacadeSpPersonalization":true,"MPProductTileTag":true,"QuantifyCustomerDemand":true,"SearchPromoTileHybrisDisable":true,"EnableHelios":true,"EnableDietaryCallOutFilter":true,"WayfindingQuickFilters":true,"FlyerGAMAdUnit":true,"AllDealsAndFlyerItemGAMAdUnit":true,"SponsoredSearchCarousel":true,"AutoLocalizeWithAkamai":true,"MiniAppCheckout":true,"LiveCartAislesOrganization":true,"SponsoredCLPCarousel":true,"SponsoredCartReviewCarousel":true,"OutOfStock":true,"CustomerSelectedSubsInCart":true,"EnableBannerWideCSSubs":true,"CustomerSelectedSubsPreCheckout":true,"PCXAccountDeletion":true,"AutoLocalization":true,"ShowTypeAheadTopSearchesForMPMode":true,"RecentlyViewedProducts":true,"OptimizedProductImages":true,"AddMoreItemsCTA":true,"EnableTypeaheadContentfulLink":true,"PCOPdpEnrolmentTileForMassOffer":true,"PCOPdpEnrolment":true,"WeightedItemsQuantityFormatting":true,"FlyerModalDrawerQuickview":true,"PCOCheckoutEnrolment":true,"OrderDashboardRedirectAfterOrderComplete":true,"ServerSideNavigationRestCall":true,"EnableLeaderboardSearchResultTop":true,"IncludeAlcoholTaxMsg":true,"HeroV2SwitchFulfillmentMode":true,"HomePageHeroV2":true,"QuickViewPcoOffer":true,"ShowThirtyMinTimeSlot":true,"FlyerVideoPlayer":true,"OneSearch":true,"UnlocalizedCartAddition":true,"AutoLocalizationNonShoppable":true,"MultiItemFlyerQuickview":true,"ShouldIncludeGTMScript":true,"TestFeatureFlagOverride":true,"DidYouMeanSearch":true,"AutoLocalizationWellnessPages":true,"FlyerNavigationContentful":true,"AutoLocalizationDependencyPages":true,"ShowTypeAheadYourSearches":true,"ShowTypeAheadTopSearches":true,"LowInventory":true,"V3ProductFacadeFlyerSearch":true,"WellnessDietitians":true,"WellnessOptical":true,"WellnessGuidingStars":true,"CIAM":true,"Contentful":true,"AdobeTarget":true,"FontNoir":true,"AdobeAnalytics":true,"Instacart":true},"launchdarklyFlags":{"AB-RMPProductCarouselHeadline":"AB-RMPProductCarouselHeadline-A","MealPlanner":false,"bronxFeatureFlagProductCarouselTitle":false,"enable_cold_start_canvas":false,"homepage-custom-hero-banner":true,"hotm-pdp-tiles":true,"is-gift-cards-enabled":false,"is-seo-search-related-and-canonical-terms-enabled":false,"media-test":"Control"},"kameleoonFlags":{"EnableNextGenSRP":true,"EnableNextGenClpPlp":true,"EnableNextGenFlyerItems":true,"EnableNextGenClp":true,"pcx-web-2025-summer_hub":true,"srp_viewability":true}},"i18nData":{"global":{"header":{"skipToMainContent":"Skip to Main Content","skipToFooter":"Skip to Footer","logo":{"alt":"{banner} homepage"},"cartReview":"{cartCount} items in cart, click to review cart","typeAhead":{"placeholder":"Search for Product","noResults":"No results found","recentSearches":"Recent Searches","topSearches":"Top Searches","a11y":{"submit":"Submit Search","clear":"Clear Search"},"overlay":{"ariaLabel":"Autocomplete overlay"}},"mainNav":{"seeAll":"See All"},"topBar":{"alert":"Alert","pcoBalance":"{points} points","pcoOptimum":"PC Optimum","shoppingList":"Lists","stampCards":"Collect \u0026 Save","subscribeEarn":"Subscribe \u0026 Earn","pcxPass":"PC Express Pass","modeTransition":{"pcxModeMessage":"Explore products for the home, kitchen and more from trusted sellers. ","pcxModeLink":"Shop Marketplace"},"hello":"Hello, {name}","signIn":"Sign In","signOut":"Sign Out","myAccount":"My Account","orders":"Orders","profile":"Profile","payment":"Payment","preferences":"Preferences","a11y":{"menu":"Menu","menuOpen":"Open Menu","menuClose":"Close Menu","menuBack":"Go Back","menuNav":"Main Navigation","menuList":"Menu List"},"fees":"Fees"},"liveCartBanner":{"label":"Your upcoming grocery order.","link":"See details","closeLabel":"Close","countLabel":"See details"}},"notFound":{"title":"Page not found","subTitle":"The page you are looking for does not exist or is temporarily unavailable.","link":"Go to home page"},"error":{"title":"Oops","subTitle":"Something went wrong. Please try again later.","retry":"Continue shopping","noDesignTokens":"(Failed to fetch design tokens)"},"pcid":{"loading":"Loading"},"footer":{"a11y":{"footer":"Footer","footerNav":"Footer Navigation"},"copyright":"© Loblaws Inc. All Rights Reserved","copyrightRapid":"PC Express™ Rapid Delivery is a trademark of Loblaws Inc., used under licence by Rapid Retail Canada Inc.","cookiesModalLaunch":"Cookie Settings"},"preferences":{"updateError":"Sorry, there was a system error. Please try again"}},"home":{"nextSlide":"Next slide","prevSlide":"Previous slide"},"fulfillment":{"selectTimeSlot":"Select a timeslot","nonShoppable":{"message":"Note: PC Express pickup unavailable"},"defaultStore":{"title":"Pickup","message":"Would you like to pick up here?","setStoreBtn":"Yes","changeLocationBtn":"No, change location"},"fulfillmentMode":{"button":{"ariaLabel":"View location: {locationLabel}"}},"autoLocalization":{"nearestLocation":{"title":"Nearest location","body":{"shoppable":"We found this nearby location. Is this your preferred location for the flyer and shopping online?","nonShoppable":"PC Express pickup is not available at this nearby location we found.","confirm":"Yes","changeLocation":"No, change location"}},"error":{"title":"Find a location","subTitle":"We're having trouble locating you","body":"Please set a location to start shopping.","confirm":"Yes","changeLocation":"No, change location","actionBtn":"Set location"}},"pickup":{"detail":{"heading":"Pickup details"},"changeStore":{"unconfirmed":"No, change location","confirmed":"Change location"},"confirmed":{"label":"Pickup at","locationDetails":"Location details","changeLocation":"Change location"}},"delivery":{"invalidPostalCodeMsg":"Please enter a valid postal Code.","formTitle":"Enter Postal Code","inputPlaceholder":"Postal Code","locationButton":"Delivery to","heading":"Delivery details","notAvailable":{"heading":"\u003cspan className=\"italic\"\u003ePC Express\u003c/span\u003e delivery isn't available here yet","message":"But you can try a different ","message1":"You may also be able to place a \u003cspan className=\"italic\"\u003ePC Express\u003c/span\u003e online grocery pickup order.","changePostalCodeBtnLabel":"postal code","changeToPickupBtn":"Continue to pickup"}},"switch":{"pickup":"Switch to pickup","delivery":"Switch to delivery","change":"Change"},"timeslot":{"tooltip":"No need to choose now. You can choose a convenient pickup or delivery time at checkout (min. $30 order), with applicable fees.","nextTimeslot":{"today":"today","tomorrow":"tomorrow","pickup":"Pickup by {time}, {date}","delivery":"Delivery by {time}, {date}","noPickupTime":"No pickup times found","noDeliveryTime":"No delivery times found","errorText":"We weren’t able to find next available pickup and delivery times.","errorTextNoDelivery":"We weren’t able to find next available pickup times."}},"pcxBook":{"title":"Welcome","subTitle":"Your location has been confirmed","cta":"Start Shopping"}},"cart":{"errors":{"0005":"Cannot select booking due to time slot being full.","0006":"Please retry entering your payment information.","0011":"Please login and retry.","0013":"The shipping address provided is invalid.","0014":"Sorry, {productName} is out of stock at this time and cannot be checked out.","0015":"This item isn't available at your selected location","0017":"No payment information found for the customer.","0018":"We have a limited number of {productName} in stock, so we’ve had to adjust your order quantity for now.","0019":"Cannot merge grocery items into the cart.","0020":"Cannot merge items into the cart.","0021":"Unable to update booking of a live cart.","0022":"Sorry, with this addition you have exceeded the maximum number of items allotted for this location.","0023":"Sorry, there are no items available in your cart to complete checkout.","0035":"Please make sure your cart total is at least ${threshold} or cancel the order.","0036":"There is a problem with your address. Please review it and try again.","0037":"Please enter a valid phone number with your chosen addres.","0038":"Cart limit reached. Adding this item to your cart will make it too large, or heavy, for delivery.","0039":"Your selected payment method failed authorization. Please check your card and try again or select another payment method.","0041":"Sorry, but this item has a purchase limit of one (1) per customer.","0042":"ERROR! Your credit card billing address must match your shipping address to place your order.","0045":"Your timeslot is no longer available.","0046":"Sorry, your order could not be placed. Please check that your address is correct and formatted properly","default":"Something went wrong, Please try again."},"mergeCartModal":{"items":"Items","qty":"Qty","title":{"pickup":"We don’t have these items at your new location.","delivery":"These items are not available for delivery"},"description":"If you continue they’ll be removed, but don’t worry you can still search for similar items at your new location and choose new substitutes.","pickup":"Pickup at","delivery":"Delivery to","legal":{"pickup":"Prices and promotions are based off your pickup date so you may see changes on your bill.","delivery":"Prices and promotions are based off your delivery date so you may see changes on your bill."},"cta":{"continue":"I accept, continue","close":"Close, go back"}},"savings":{"tracker":{"text":"\u003csavingsAmount\u003e{discount}\u003c/savingsAmount\u003e Savings"},"points":{"text":"\u003cpointsText\u003e {balance, number} \u003c/pointsText\u003e Points"}}},"stamp-cards":{"mastheadLabel":"Collect \u0026 Save! BIG","stamps":"{totalStamps} stamps"}},"initialSearchData":{"slug":"pcx-srp-common-page","searchTerm":"eggs","searchResultsCount":1837,"typedSearchTerms":"eggs","searchTermSubmitted":"eggs","selectedCategory":null,"mlCorrectedTerm":"eggs","esCorrectedTerm":"","quCorrectedTerm":"","searchRequestId":"8067f2b0-c93c-42d5-ba78-e16b52ef4674","modelVersion":"ThreeStageRankingUERSMAY14|NoQueryClassification","searchVariation":"PCX_P13N_UERS:P13N_UERS_ENABLED","headline":"Search Results Page","layout":{"typeId":"productsPageLayout","sections":{"categoryNavigationSection":null,"filtersSection":{"alignment":"NONE","components":[{"componentId":"filtersComponent","contentId":"5cwrHMaINpD0u7IR8pNKSM","variantId":null,"id":"5cwrHMaINpD0u7IR8pNKSM","position":0,"data":{"filtersLabel":"Filters","applyButtonText":"Filters","filterGroups":[{"code":"category","name":"Aisle","multiSelect":false,"values":[{"code":"27985","name":"Food","count":1713,"disabled":null,"selected":false},{"code":"27986","name":"Home \u0026 Kitchen","count":2,"disabled":null,"selected":false},{"code":"27987","name":"Baby","count":4,"disabled":null,"selected":false},{"code":"27988","name":"Pet Food \u0026 Supplies","count":75,"disabled":null,"selected":false},{"code":"27990","name":"Toys, Games \u0026 Party Supplies","count":1,"disabled":null,"selected":false},{"code":"27994","name":"Personal Care \u0026 Beauty","count":2,"disabled":null,"selected":false},{"code":"28011","name":"Household Supplies","count":6,"disabled":null,"selected":false},{"code":"59630","name":"Health \u0026 Wellness","count":47,"disabled":null,"selected":false}]},{"code":"productBrand","name":"Brand","multiSelect":true,"values":[{"code":"N","name":"No Name","count":105,"disabled":null,"selected":false},{"code":"IMPL","name":"Imperial","count":4,"disabled":null,"selected":false},{"code":"CHRE","name":"Christie","count":2,"disabled":null,"selected":false},{"code":"WNAT","name":"Webber Naturals","count":18,"disabled":null,"selected":false},{"code":"OPIC","name":"Olympic","count":11,"disabled":null,"selected":false},{"code":"CLBH","name":"Club House","count":17,"disabled":null,"selected":false},{"code":"OLVR","name":"Olivieri","count":1,"disabled":null,"selected":false},{"code":"SFTE","name":"Sweets From The Earth","count":1,"disabled":null,"selected":false},{"code":"EABA","name":"Earth Balance","count":3,"disabled":null,"selected":false},{"code":"YOPL","name":"Yoplait","count":33,"disabled":null,"selected":false},{"code":"DAIY","name":"Daiya","count":6,"disabled":null,"selected":false},{"code":"CHTS","name":"Cheetos","count":1,"disabled":null,"selected":false},{"code":"ELIF","name":"Enjoy Life","count":1,"disabled":null,"selected":false},{"code":"AURO","name":"Aurora","count":3,"disabled":null,"selected":false},{"code":"JCBS","name":"Jacobs","count":1,"disabled":null,"selected":false},{"code":"CADB","name":"Cadbury","count":11,"disabled":null,"selected":false},{"code":"MMCO","name":"Manitoba Millling Co","count":2,"disabled":null,"selected":false},{"code":"CESA","name":"Cesar","count":1,"disabled":null,"selected":false},{"code":"BDIA","name":"Blue Diamond","count":11,"disabled":null,"selected":false},{"code":"BNTO","name":"Bento","count":4,"disabled":null,"selected":false},{"code":"LAYS","name":"Lay's","count":2,"disabled":null,"selected":false},{"code":"TAFA","name":"Taylor Farms","count":1,"disabled":null,"selected":false},{"code":"LNBK","name":"Little Northern Bakehouse","count":2,"disabled":null,"selected":false},{"code":"DANO","name":"Danone","count":9,"disabled":null,"selected":false},{"code":"RLMD","name":"Rolling Meadow","count":9,"disabled":null,"selected":false},{"code":"FRNK","name":"Frank's","count":3,"disabled":null,"selected":false},{"code":"KINR","name":"Kinder","count":9,"disabled":null,"selected":false},{"code":"KURK","name":"Kurkure","count":1,"disabled":null,"selected":false},{"code":"BENS","name":"Bens","count":2,"disabled":null,"selected":false},{"code":"ZIG","name":"Ziggy's","count":3,"disabled":null,"selected":false},{"code":"FOC","name":"From Our Chefs","count":6,"disabled":null,"selected":false},{"code":"BECE","name":"Becel","count":20,"disabled":null,"selected":false},{"code":"HPDR","name":"Happy Dairy","count":1,"disabled":null,"selected":false},{"code":"SU","name":"Suraj","count":1,"disabled":null,"selected":false},{"code":"HEIN","name":"Heinz","count":1,"disabled":null,"selected":false},{"code":"MACL","name":"MacLarens","count":1,"disabled":null,"selected":false},{"code":"NYLK","name":"No Yolks","count":3,"disabled":null,"selected":false},{"code":"IOGO","name":"IOGO","count":21,"disabled":null,"selected":false},{"code":"KRFT","name":"Kraft","count":21,"disabled":null,"selected":false},{"code":"YOSO","name":"Yoso","count":8,"disabled":null,"selected":false},{"code":"PBRY","name":"Pillsbury","count":22,"disabled":null,"selected":false},{"code":"ACE0","name":"ACE","count":1,"disabled":null,"selected":false},{"code":"FSTB","name":"Feastables","count":3,"disabled":null,"selected":false},{"code":"KEEN","name":"Keens","count":1,"disabled":null,"selected":false},{"code":"YGGU","name":"Yoggu","count":2,"disabled":null,"selected":false},{"code":"MLFL","name":"Maple Lodge Farms LT","count":1,"disabled":null,"selected":false},{"code":"STRU","name":"Strubs","count":1,"disabled":null,"selected":false},{"code":"ASTR","name":"Astro","count":11,"disabled":null,"selected":false},{"code":"DEMP","name":"Dempster","count":1,"disabled":null,"selected":false},{"code":"NAND","name":"Nando's","count":1,"disabled":null,"selected":false},{"code":"LBRT","name":"Liberte","count":54,"disabled":null,"selected":false},{"code":"SCMP","name":"Schneiders Meat Pie","count":1,"disabled":null,"selected":false},{"code":"SONI","name":"So Nice","count":4,"disabled":null,"selected":false},{"code":"CRVE","name":"Crave","count":3,"disabled":null,"selected":false},{"code":"RSRS","name":"Reser's","count":2,"disabled":null,"selected":false},{"code":"SESS","name":"Sesame Street","count":5,"disabled":null,"selected":false},{"code":"SP","name":"PC Splendido","count":4,"disabled":null,"selected":false},{"code":"HAGD","name":"Haagen Dazs","count":3,"disabled":null,"selected":false},{"code":"BURN","name":"Burnbrae Farms","count":21,"disabled":null,"selected":false},{"code":"TILD","name":"Tilda","count":1,"disabled":null,"selected":false},{"code":"ALFF","name":"ALFA","count":2,"disabled":null,"selected":false},{"code":"VLFE","name":"Violife","count":12,"disabled":null,"selected":false},{"code":"KOSA","name":"Kosa","count":1,"disabled":null,"selected":false},{"code":"MUSH","name":"MUSH","count":4,"disabled":null,"selected":false},{"code":"DUIN","name":"Duinkerken","count":3,"disabled":null,"selected":false},{"code":"SWLN","name":"Sweet Loren's","count":2,"disabled":null,"selected":false},{"code":"NSFC","name":"Nuts for Cheese","count":2,"disabled":null,"selected":false},{"code":"WILT","name":"Wilton","count":8,"disabled":null,"selected":false},{"code":"BD00","name":"Black \u0026 Decker","count":1,"disabled":null,"selected":false},{"code":"BNJ","name":"Ben \u0026 Jerry's","count":20,"disabled":null,"selected":false},{"code":"YOFI","name":"YoFiit","count":2,"disabled":null,"selected":false},{"code":"TIMH","name":"Tim Hortons","count":6,"disabled":null,"selected":false},{"code":"BENE","name":"Beneful","count":1,"disabled":null,"selected":false},{"code":"ICBI","name":"I Can't Believe It's Not Butter!","count":2,"disabled":null,"selected":false},{"code":"GVLY","name":"Green Valley","count":2,"disabled":null,"selected":false},{"code":"BAIL","name":"Baileys","count":2,"disabled":null,"selected":false},{"code":"HABI","name":"Habitant","count":1,"disabled":null,"selected":false},{"code":"SCHN","name":"Schneiders","count":12,"disabled":null,"selected":false},{"code":"MALE","name":"Maple Leaf","count":3,"disabled":null,"selected":false},{"code":"P","name":"President's Choice","count":184,"disabled":null,"selected":false},{"code":"QUKR","name":"Quaker","count":4,"disabled":null,"selected":false},{"code":"BFIT","name":"BFit","count":1,"disabled":null,"selected":false},{"code":"PRES","name":"President","count":2,"disabled":null,"selected":false},{"code":"AMVR","name":"Amstelvelder","count":6,"disabled":null,"selected":false},{"code":"AMKC","name":"The A2 Milk Company","count":3,"disabled":null,"selected":false},{"code":"FINI","name":"Fini","count":1,"disabled":null,"selected":false},{"code":"SGCY","name":"Saugeen Country","count":2,"disabled":null,"selected":false},{"code":"WOOL","name":"Woolwich","count":5,"disabled":null,"selected":false},{"code":"KNEL","name":"Kanel","count":1,"disabled":null,"selected":false},{"code":"OTLY","name":"Oatly","count":4,"disabled":null,"selected":false},{"code":"STHU","name":"St Hubert","count":1,"disabled":null,"selected":false},{"code":"STBU","name":"Starbucks","count":8,"disabled":null,"selected":false},{"code":"DACT","name":"Activia","count":38,"disabled":null,"selected":false},{"code":"SUKU","name":"SUKU","count":3,"disabled":null,"selected":false},{"code":"MDSQ","name":"Midday Squares","count":8,"disabled":null,"selected":false},{"code":"MROF","name":"Marouf","count":3,"disabled":null,"selected":false},{"code":"BSWP","name":"Breakfast Skillet Wrap","count":1,"disabled":null,"selected":false},{"code":"PURI","name":"Purina","count":40,"disabled":null,"selected":false},{"code":"ORME","name":"Organic Meadow","count":23,"disabled":null,"selected":false},{"code":"VH00","name":"VH","count":2,"disabled":null,"selected":false},{"code":"ARMS","name":"Armstrong","count":9,"disabled":null,"selected":false},{"code":"TSPT","name":"The Spice Tailor","count":1,"disabled":null,"selected":false},{"code":"NTUR","name":"Natura","count":11,"disabled":null,"selected":false},{"code":"ZAHA","name":"Zabiha Halal","count":1,"disabled":null,"selected":false},{"code":"KLGS","name":"Kelloggs","count":20,"disabled":null,"selected":false},{"code":"UCC0","name":"UCC","count":4,"disabled":null,"selected":false},{"code":"MRCN","name":"Marcangelo","count":2,"disabled":null,"selected":false},{"code":"M2GO","name":"Milk 2 Go","count":11,"disabled":null,"selected":false},{"code":"MAND","name":"Mandarin","count":1,"disabled":null,"selected":false},{"code":"OZER","name":"Ozery's","count":1,"disabled":null,"selected":false},{"code":"FREN","name":"Frenchs","count":6,"disabled":null,"selected":false},{"code":"SGGS","name":"siggi's","count":11,"disabled":null,"selected":false},{"code":"PCB","name":"PC Blue Menu","count":14,"disabled":null,"selected":false},{"code":"BLKD","name":"Black Diamond","count":37,"disabled":null,"selected":false},{"code":"AMOO","name":"Amooza","count":3,"disabled":null,"selected":false},{"code":"GDNL","name":"Garden Lites","count":1,"disabled":null,"selected":false},{"code":"DELM","name":"Del Monte","count":2,"disabled":null,"selected":false},{"code":"SAPU","name":"Saputo","count":7,"disabled":null,"selected":false},{"code":"NLSN","name":"Neilson","count":73,"disabled":null,"selected":false},{"code":"SOFH","name":"So Fresh","count":2,"disabled":null,"selected":false},{"code":"ALLG","name":"Allegra","count":1,"disabled":null,"selected":false},{"code":"NANA","name":"Nanak","count":1,"disabled":null,"selected":false},{"code":"SUFL","name":"Sunflower","count":1,"disabled":null,"selected":false},{"code":"CHOL","name":"Cholula","count":6,"disabled":null,"selected":false},{"code":"PO","name":"PC Organics","count":37,"disabled":null,"selected":false},{"code":"CEGG","name":"Conestoga Eggs","count":2,"disabled":null,"selected":false},{"code":"BORM","name":"Bobs Red Mill","count":9,"disabled":null,"selected":false},{"code":"BIRD","name":"Birds","count":1,"disabled":null,"selected":false},{"code":"ENJY","name":"Enjoy!","count":5,"disabled":null,"selected":false},{"code":"CKBR","name":"Cracker Barrel","count":35,"disabled":null,"selected":false},{"code":"MELC","name":"Melt","count":2,"disabled":null,"selected":false},{"code":"KIKO","name":"Kikkoman","count":1,"disabled":null,"selected":false},{"code":"ZPLC","name":"Ziploc","count":6,"disabled":null,"selected":false},{"code":"PRAA","name":"Prasad Ayurveda","count":1,"disabled":null,"selected":false},{"code":"SVOR","name":"Savor","count":2,"disabled":null,"selected":false},{"code":"TSTE","name":"Tre Stelle","count":8,"disabled":null,"selected":false},{"code":"STRT","name":"Streit's","count":5,"disabled":null,"selected":false},{"code":"LCTN","name":"Lactantia","count":21,"disabled":null,"selected":false},{"code":"SRSE","name":"Sunrise","count":1,"disabled":null,"selected":false},{"code":"LWRY","name":"Lawrys","count":1,"disabled":null,"selected":false},{"code":"EARO","name":"Earth's Own","count":28,"disabled":null,"selected":false},{"code":"YKVF","name":"Yorkshire Valley Farms","count":1,"disabled":null,"selected":false},{"code":"DORI","name":"Doritos","count":1,"disabled":null,"selected":false},{"code":"JUEG","name":"JUST Egg","count":2,"disabled":null,"selected":false},{"code":"FM","name":"Farmer's Market","count":3,"disabled":null,"selected":false},{"code":"KNOR","name":"Knorr","count":2,"disabled":null,"selected":false},{"code":"SUMF","name":"Summer Fresh","count":1,"disabled":null,"selected":false},{"code":"TT","name":"T\u0026T","count":3,"disabled":null,"selected":false},{"code":"BDRA","name":"Blue Dragon","count":1,"disabled":null,"selected":false},{"code":"MRNO","name":"Mr Noodles","count":19,"disabled":null,"selected":false},{"code":"ROO","name":"Rooster","count":5,"disabled":null,"selected":false},{"code":"MANI","name":"Manischewitz","count":4,"disabled":null,"selected":false},{"code":"MCDY","name":"Mc Dairy","count":1,"disabled":null,"selected":false},{"code":"GLEA","name":"Gay Lea","count":28,"disabled":null,"selected":false},{"code":"FRLF","name":"Fairlife","count":4,"disabled":null,"selected":false},{"code":"PCCB","name":"Philadelphia","count":25,"disabled":null,"selected":false},{"code":"EMHR","name":"Elmhurst","count":11,"disabled":null,"selected":false},{"code":"BRAR","name":"Brar's","count":2,"disabled":null,"selected":false},{"code":"FLYG","name":"Flying Goose","count":1,"disabled":null,"selected":false},{"code":"RVRA","name":"Riviera","count":23,"disabled":null,"selected":false},{"code":"SEKC","name":"Spread 'Em Kitchen Co.","count":3,"disabled":null,"selected":false},{"code":"KONR","name":"Kohinoor","count":1,"disabled":null,"selected":false},{"code":"MCCO","name":"McCormicks","count":2,"disabled":null,"selected":false},{"code":"GOGO","name":"GoGo Quinoa","count":3,"disabled":null,"selected":false},{"code":"MCCA","name":"McCain","count":2,"disabled":null,"selected":false},{"code":"LROC","name":"La Rocca","count":2,"disabled":null,"selected":false},{"code":"INDE","name":"International Delight","count":16,"disabled":null,"selected":false},{"code":"SWFT","name":"Swift","count":1,"disabled":null,"selected":false},{"code":"LADY","name":"Lady Choice","count":1,"disabled":null,"selected":false},{"code":"HASB","name":"Hasbro","count":1,"disabled":null,"selected":false},{"code":"OIKO","name":"Oikos","count":42,"disabled":null,"selected":false},{"code":"CAFA","name":"Califia Farms","count":8,"disabled":null,"selected":false},{"code":"POTU","name":"Portugallo","count":2,"disabled":null,"selected":false},{"code":"GMGO","name":"Gourmet \u0026 Go","count":2,"disabled":null,"selected":false},{"code":"NIX","name":"NIX","count":1,"disabled":null,"selected":false},{"code":"HLMN","name":"Hellmann's","count":14,"disabled":null,"selected":false},{"code":"CAMS","name":"Campbell's","count":2,"disabled":null,"selected":false},{"code":"GGTE","name":"Golden Gate","count":2,"disabled":null,"selected":false},{"code":"OVNO","name":"Ovino","count":1,"disabled":null,"selected":false},{"code":"HLVA","name":"Heluva","count":6,"disabled":null,"selected":false},{"code":"SILK","name":"Silk","count":56,"disabled":null,"selected":false},{"code":"BDCH","name":"BRADBURYS CHEESE","count":2,"disabled":null,"selected":false},{"code":"OLVI","name":"Olivina","count":1,"disabled":null,"selected":false},{"code":"PWBK","name":"Pawbreakers!","count":1,"disabled":null,"selected":false},{"code":"K9PR","name":"K9 Praventa 360","count":3,"disabled":null,"selected":false},{"code":"PCBL","name":"PC Black Label","count":12,"disabled":null,"selected":false},{"code":"ORGA","name":"Organika","count":7,"disabled":null,"selected":false},{"code":"LNCI","name":"Lancia","count":2,"disabled":null,"selected":false},{"code":"ROFA","name":"Rowe Farms","count":2,"disabled":null,"selected":false},{"code":"BCHT","name":"Bechtle","count":2,"disabled":null,"selected":false},{"code":"NSTL","name":"Nestlé","count":15,"disabled":null,"selected":false},{"code":"CHPS","name":"Chapmans","count":16,"disabled":null,"selected":false},{"code":"BEAT","name":"Beatrice","count":3,"disabled":null,"selected":false},{"code":"KHAA","name":"Khaas","count":2,"disabled":null,"selected":false},{"code":"SUFR","name":"Sufra","count":3,"disabled":null,"selected":false},{"code":"CAHT","name":"Cachitos","count":4,"disabled":null,"selected":false},{"code":"SISA","name":"Sikorski Sausages","count":7,"disabled":null,"selected":false},{"code":"GEFN","name":"Gefen","count":3,"disabled":null,"selected":false},{"code":"DERL","name":"Derlea","count":1,"disabled":null,"selected":false},{"code":"RPPL","name":"Ripple","count":2,"disabled":null,"selected":false},{"code":"GREK","name":"The Greek Gods","count":2,"disabled":null,"selected":false},{"code":"PRML","name":"Parmalat","count":1,"disabled":null,"selected":false},{"code":"PLKN","name":"Primal Kitchen","count":4,"disabled":null,"selected":false},{"code":"LAFD","name":"LA FOURNEE DOREE","count":1,"disabled":null,"selected":false},{"code":"HKID","name":"Hot Kid","count":4,"disabled":null,"selected":false},{"code":"TRES","name":"Tresemme","count":2,"disabled":null,"selected":false},{"code":"KAWR","name":"Kawartha","count":13,"disabled":null,"selected":false},{"code":"NTRL","name":"Natrel","count":12,"disabled":null,"selected":false},{"code":"RXBR","name":"RXBar","count":14,"disabled":null,"selected":false},{"code":"MMST","name":"Mama Sita","count":1,"disabled":null,"selected":false}]},{"code":"promotions","name":"Deals","multiSelect":true,"values":[{"code":"Multi-Buy","name":"Multi-Buy","count":316,"disabled":null,"selected":false},{"code":"Price Reduction","name":"Price Reduction","count":288,"disabled":null,"selected":false},{"code":"$1,$2,$3,$4,$5","name":"$1,$2,$3,$4,$5","count":116,"disabled":null,"selected":false},{"code":"PC Points","name":"PC Optimum Points","count":14,"disabled":null,"selected":false}]},{"code":"price ranges","name":"Price","multiSelect":true,"values":[{"code":"$1 and under","name":"$1 and under","count":19,"disabled":null,"selected":false},{"code":"$2 and under","name":"$2 and under","count":70,"disabled":null,"selected":false},{"code":"$3 and under","name":"$3 and under","count":156,"disabled":null,"selected":false},{"code":"$4 and under","name":"$4 and under","count":347,"disabled":null,"selected":false},{"code":"$5 and under","name":"$5 and under","count":614,"disabled":null,"selected":false},{"code":"$5-$10","name":"$5-$10","count":1005,"disabled":null,"selected":false},{"code":"$10-$15","name":"$10-$15","count":139,"disabled":null,"selected":false},{"code":"$15-$20","name":"$15-$20","count":61,"disabled":null,"selected":false},{"code":"$20-$30","name":"$20-$30","count":41,"disabled":null,"selected":false},{"code":"$30-$50","name":"$30-$50","count":30,"disabled":null,"selected":false},{"code":"$50-$100","name":"$50-$100","count":8,"disabled":null,"selected":false}]},{"code":"sellers","name":"Sellers","multiSelect":true,"values":[]},{"code":"shopCanadian","name":"Shop Canadian","multiSelect":true,"values":[{"code":"prepared_in_canada","name":"Prepared in Canada","count":1167,"disabled":null,"selected":false}]},{"code":"flyers","name":"Flyers","multiSelect":true,"values":[{"code":"FLYER_ITEM","name":"Flyer Item","count":218,"disabled":null,"selected":false}]},{"code":"dietaryCallouts","name":"Dietary \u0026 Lifestyle","multiSelect":true,"values":[{"code":"low_calories","name":"Calories Conscious","count":1,"disabled":null,"selected":false},{"code":"low_sugar","name":"Sugar Conscious","count":1,"disabled":null,"selected":false},{"code":"lactose_free","name":"Lactose Free","count":1,"disabled":null,"selected":false},{"code":"high_fibre","name":"High Fibre","count":1,"disabled":null,"selected":false},{"code":"peanut_free","name":"Peanut Free Facility","count":1,"disabled":null,"selected":false},{"code":"hormone_free","name":"No Added Hormones","count":1,"disabled":null,"selected":false},{"code":"low_sodium","name":"Sodium Conscious","count":1,"disabled":null,"selected":false},{"code":"sustainable_msc","name":"Sustainable Fishing Certification","count":1,"disabled":null,"selected":false},{"code":"low_fat","name":"Low \u0026 Less Fat","count":1,"disabled":null,"selected":false},{"code":"vegan","name":"Vegan","count":1,"disabled":null,"selected":false},{"code":"vitamins_minerals","name":"Source of Vitamins or Minerals","count":1,"disabled":null,"selected":false},{"code":"omega3","name":"Source of Omega 3","count":1,"disabled":null,"selected":false},{"code":"whole_grain","name":"Whole Grain","count":1,"disabled":null,"selected":false},{"code":"antibiotic_free","name":"Raised Without Antibiotics","count":1,"disabled":null,"selected":false},{"code":"gluten_free","name":"Gluten Free","count":1,"disabled":null,"selected":false},{"code":"organic","name":"Organic","count":1,"disabled":null,"selected":false}]}],"quickFilters":[{"name":"Our Brands","selected":false,"iconUrl":null,"filterGroup":{"code":"productBrand","name":"Brand","multiSelect":true,"values":[{"code":"N","name":"No Name","count":105,"disabled":null,"selected":false},{"code":"P","name":"President's Choice","count":184,"disabled":null,"selected":false},{"code":"PCB","name":"PC Blue Menu","count":14,"disabled":null,"selected":false},{"code":"PO","name":"PC Organics","count":37,"disabled":null,"selected":false},{"code":"FM","name":"Farmer's Market","count":3,"disabled":null,"selected":false},{"code":"PCBL","name":"PC Black Label","count":12,"disabled":null,"selected":false}]}},{"name":"Deals","selected":false,"iconUrl":null,"filterGroup":{"code":"promotions","name":"Deals","multiSelect":true,"values":[{"code":"Multi-Buy","name":"Multi-Buy","count":316,"disabled":null,"selected":false},{"code":"Price Reduction","name":"Price Reduction","count":288,"disabled":null,"selected":false},{"code":"$1,$2,$3,$4,$5","name":"$1,$2,$3,$4,$5","count":116,"disabled":null,"selected":false},{"code":"PC Points","name":"PC Optimum Points","count":14,"disabled":null,"selected":false}]}},{"name":"Shop Canadian","selected":false,"iconUrl":null,"filterGroup":{"code":"shopCanadian","name":"Shop Canadian","multiSelect":true,"values":[{"code":"prepared_in_canada","name":"Prepared in Canada","count":1167,"disabled":null,"selected":false}]}},{"name":"Flyer Item","selected":false,"iconUrl":null,"filterGroup":{"code":"flyers","name":"Flyers","multiSelect":true,"values":[{"code":"FLYER_ITEM","name":"Flyer Item","count":218,"disabled":null,"selected":false}]}},{"name":"Dietary","selected":false,"iconUrl":null,"filterGroup":{"code":"dietaryCallouts","name":"Dietary \u0026 Lifestyle","multiSelect":true,"values":[{"code":"vegan","name":"Vegan","count":1,"disabled":null,"selected":false},{"code":"gluten_free","name":"Gluten Free","count":1,"disabled":null,"selected":false},{"code":"organic","name":"Organic","count":1,"disabled":null,"selected":false}]}}],"totalResults":1837},"isSSR":true}]},"bottomLeftAdSection":{"alignment":"NONE","components":[{"componentId":"mediaIABComponent","contentId":"2IpZjHfMKo8nXYkZI3W6V5","variantId":null,"id":"2IpZjHfMKo8nXYkZI3W6V5","position":1,"data":{"mediaConfiguration":{"title":null,"adUnitType":"IAB_FLEXI","adSizesMobile":["flexi_halfpage","flexi_medium_rectangle"],"adSizesTablet":["flexi_halfpage","flexi_medium_rectangle"],"adSizesDesktop":["flexi_halfpage","flexi_medium_rectangle"],"refreshTimer":5000,"lazyLoad":true,"lazyLoadingTriggerThreshold":50,"position":"spt1","searchTerm":null,"customData":{"rmp.category_path":""},"pageType":null,"excludedProductIds":null}},"isSSR":true}]},"bannerSection":null,"headlineSection":{"alignment":"NONE","components":[{"componentId":"mediaIABComponent","contentId":"9q8jZPCt3XJwPlzy59aU2","variantId":null,"id":"9q8jZPCt3XJwPlzy59aU2","position":2,"data":{"mediaConfiguration":{"title":null,"adUnitType":"IAB_FLEXI","adSizesMobile":["flexi_mbanner"],"adSizesTablet":["flexi_leaderboard"],"adSizesDesktop":["flexi_leaderboard"],"refreshTimer":0,"lazyLoad":true,"lazyLoadingTriggerThreshold":50,"position":"1","searchTerm":null,"customData":{"isLegacyPage":true,"rmp.category_path":""},"pageType":"SRP","excludedProductIds":null}},"isSSR":true},{"componentId":"headerGroupComponent","contentId":"7CVoaDkLKONWqiCtFLLb77","variantId":null,"id":"7CVoaDkLKONWqiCtFLLb77","position":3,"data":{"paragraph":null,"callToAction":null,"headline":{"text":"1837 search results for eggs","alignment":"LEFT","variantId":"LARGE_02","headerType":"H2","callToAction":null},"desktopImage":null,"mobileImage":null,"tabletImage":null},"isSSR":true}]},"quickFiltersSection":{"alignment":"NONE","components":[{"componentId":"quickFiltersComponent","contentId":"7hq1BLg8QP3vp1UveZvKDK","variantId":null,"id":"7hq1BLg8QP3vp1UveZvKDK","position":4,"data":{"quickFilters":[{"name":"Our Brands","selected":false,"iconUrl":null,"filterGroup":{"code":"productBrand","name":"Brand","multiSelect":true,"values":[{"code":"N","name":"No Name","count":105,"disabled":null,"selected":false},{"code":"P","name":"President's Choice","count":184,"disabled":null,"selected":false},{"code":"PCB","name":"PC Blue Menu","count":14,"disabled":null,"selected":false},{"code":"PO","name":"PC Organics","count":37,"disabled":null,"selected":false},{"code":"FM","name":"Farmer's Market","count":3,"disabled":null,"selected":false},{"code":"PCBL","name":"PC Black Label","count":12,"disabled":null,"selected":false}]}},{"name":"Deals","selected":false,"iconUrl":null,"filterGroup":{"code":"promotions","name":"Deals","multiSelect":true,"values":[{"code":"Multi-Buy","name":"Multi-Buy","count":316,"disabled":null,"selected":false},{"code":"Price Reduction","name":"Price Reduction","count":288,"disabled":null,"selected":false},{"code":"$1,$2,$3,$4,$5","name":"$1,$2,$3,$4,$5","count":116,"disabled":null,"selected":false},{"code":"PC Points","name":"PC Optimum Points","count":14,"disabled":null,"selected":false}]}},{"name":"Shop Canadian","selected":false,"iconUrl":null,"filterGroup":{"code":"shopCanadian","name":"Shop Canadian","multiSelect":true,"values":[{"code":"prepared_in_canada","name":"Prepared in Canada","count":1167,"disabled":null,"selected":false}]}},{"name":"Flyer Item","selected":false,"iconUrl":null,"filterGroup":{"code":"flyers","name":"Flyers","multiSelect":true,"values":[{"code":"FLYER_ITEM","name":"Flyer Item","count":218,"disabled":null,"selected":false}]}},{"name":"Dietary","selected":false,"iconUrl":null,"filterGroup":{"code":"dietaryCallouts","name":"Dietary \u0026 Lifestyle","multiSelect":true,"values":[{"code":"vegan","name":"Vegan","count":1,"disabled":null,"selected":false},{"code":"gluten_free","name":"Gluten Free","count":1,"disabled":null,"selected":false},{"code":"organic","name":"Organic","count":1,"disabled":null,"selected":false}]}}]},"isSSR":true}]},"sortsSection":{"alignment":"NONE","components":[{"componentId":"sortsComponent","contentId":"2itjH0C7kCOzDHBYvRoPFu","variantId":null,"id":"2itjH0C7kCOzDHBYvRoPFu","position":5,"data":{"sortsLabel":"Sort","applyButtonText":"Sort","sorts":[{"code":"recommended","name":"Relevance","selected":true},{"code":"price-asc","name":"Price (Low to High)","selected":false},{"code":"price-desc","name":"Price (High to Low)","selected":false},{"code":"name-asc","name":"A-Z (alphabetical)","selected":false},{"code":"newest-desc","name":"Newest to Oldest Products","selected":false}]},"isSSR":true}]},"mainContentCollection":{"alignment":"NONE","components":[{"componentId":"productGridComponent","contentId":"6atKIMngFtGlCRtqtvjrXq-0","variantId":null,"id":"6atKIMngFtGlCRtqtvjrXq-1-1-0","position":6,"data":{"pagination":{"pageNumber":1,"pageSize":48,"hasMore":false,"isLast":false,"totalResults":1837},"productTiles":[{"index":1,"promotions":[],"productId":"20297818002_EA","productImage":[{"imageUrl":"https://digital.loblaws.ca/PCX/20297818002_EA/en/1/20297818002_en_front_1200.png","thumbnailUrl":"https://digital.loblaws.ca/PCX/20297818002_EA/en/1/20297818002_en_front_120.png","smallUrl":"https://digital.loblaws.ca/PCX/20297818002_EA/en/1/20297818002_en_front_250.png","mediumUrl":"https://digital.loblaws.ca/PCX/20297818002_EA/en/1/20297818002_en_front_400.png","largeUrl":"https://digital.loblaws.ca/PCX/20297818002_EA/en/1/20297818002_en_front_800.png","extraLargeUrl":"https://digital.loblaws.ca/PCX/20297818002_EA/en/1/20297818002_en_front_1200.png","smallRetinaUrl":"https://digital.loblaws.ca/PCX/20297818002_EA/en/1/20297818002_en_front_1200.png","mediumRetinaUrl":"https://digital.loblaws.ca/PCX/20297818002_EA/en/1/20297818002_en_front_1200.png","largeRetinaUrl":"https://digital.loblaws.ca/PCX/20297818002_EA/en/1/20297818002_en_front_1200.png"}],"brand":"Becel","title":"Original | Source of Omega-3 and Zero Trans Fat per Serving","description":"\u003cp\u003eProudly made in Canada from domestic and imported ingredients, Becel Original has been a staple in Canadians' kitchens for over 40 years. Whether it's a freshly toasted bagel to start your day, eggs scrambled to perfection for a simple lunch, or a batch of delightfully soft and chewy cookies, treat your family to that iconic Becel taste you know and love. Ideal for cooking, baking or spreading, Becel Original can be used as a 1:1 swap for butter in your favourite sweet or savoury dish.\u003cbr\u003e\u003cbr\u003eA healthy diet low in saturated and trans fats may reduce the risk of heart disease. Becel is low in saturated fat and has no trans fat. No artificial preservatives, flavours or colours. Made with plant-based oils.\u003c/p\u003e","packageSizing":"850 g, $1.12/100g","pricing":{"price":"9.49","wasPrice":null,"displayPrice":"$9.49","memberOnlyPrice":null,"mopDisplayPrice":null,"ehfTotal":null,"environmentalHandlingFee":null,"taxInfo":""},"pricingUnits":{"type":"SOLD_BY_EACH","unit":"ea","interval":1,"minOrderQuantity":1,"maxOrderQuantity":24,"weighted":false},"deal":null,"mopDeal":null,"pcoDeal":null,"inventoryIndicator":null,"offerType":"OG","offerId":"OG","action":null,"isVariant":false,"link":"/en/original-source-of-omega-3-and-zero-trans-fat-per/p/20297818002_EA","productVendor":null,"productVariant":null,"textBadge":"","variantTheme":null,"articleNumber":"20297818002","uom":"EA","sponsoredCreative":{"adGroupId":"b9a4c70b-e62a-414f-84cc-27fd792ebdd0","campaignId":"f34374c5-206a-4ec4-b9fc-d241dff48480","placementId":"0c4c23bf-ea0d-47e3-9a0c-29cc14c9be84","encryptedCost":"oc8Bnu/09PP1niX+JcXsss2Dd/Y3/ZIWN8/aPd69aIQ=","creativeId":"5235f228-4ba5-496d-9326-2aa56bb898fe","servingId":"dcac5bef-bf03-4e52-8f18-ac2d237a3943","keyword":"eggs","targetedKeyword":"eggs","matchType":"EXACT_MATCH","targetPageType":"SRP"},"isSponsored":true,"isComplementarySponsored":false,"complementarySponsoredBadgeText":null,"productBadge":{"badgeId":"SPONSORED","badgeClass":null,"text":"Sponsored","icon":null}},{"index":2,"promotions":[],"productId":"20812144001_EA","productImage":[{"imageUrl":"https://digital.loblaws.ca/PCX/20812144001_EA/en/1/20812144001_en_front_1200.png","thumbnailUrl":"https://digital.loblaws.ca/PCX/20812144001_EA/en/1/20812144001_en_front_120.png","smallUrl":"https://digital.loblaws.ca/PCX/20812144001_EA/en/1/20812144001_en_front_250.png","mediumUrl":"https://digital.loblaws.ca/PCX/20812144001_EA/en/1/20812144001_en_front_400.png","largeUrl":"https://digital.loblaws.ca/PCX/20812144001_EA/en/1/20812144001_en_front_800.png","extraLargeUrl":"https://digital.loblaws.ca/PCX/20812144001_EA/en/1/20812144001_en_front_1200.png","smallRetinaUrl":"https://digital.loblaws.ca/PCX/20812144001_EA/en/1/20812144001_en_front_1200.png","mediumRetinaUrl":"https://digital.loblaws.ca/PCX/20812144001_EA/en/1/20812144001_en_front_1200.png","largeRetinaUrl":"https://digital.loblaws.ca/PCX/20812144001_EA/en/1/20812144001_en_front_1200.png"}],"brand":"No Name","title":"Large Grade A Eggs","description":"Eggs range in size (extra-large, large, medium, etc.) and their shells are either white or brown, depending on the breed of the hen. Crack the thin, protective shell against the edge of a bowl (with one hand, if you want to impress your friends) and use the yolk and egg white inside for your favourite breakfast recipes and desserts.","packageSizing":"12 ea, $0.33/1ea","pricing":{"price":"3.99","wasPrice":null,"displayPrice":"$3.99","memberOnlyPrice":null,"mopDisplayPrice":null,"ehfTotal":null,"environmentalHandlingFee":null,"taxInfo":""},"pricingUnits":{"type":"SOLD_BY_EACH","unit":"ea","interval":1,"minOrderQuantity":1,"maxOrderQuantity":24,"weighted":false},"deal":null,"mopDeal":null,"pcoDeal":null,"inventoryIndicator":null,"offerType":"OG","offerId":"OG","action":null,"isVariant":false,"link":"/en/large-grade-a-eggs/p/20812144001_EA","productVendor":null,"productVariant":null,"textBadge":"","variantTheme":null,"articleNumber":"20812144001","uom":"EA","sponsoredCreative":null,"isSponsored":false,"isComplementarySponsored":false,"complementarySponsoredBadgeText":null,"productBadge":{"badgeId":"PREPARED_IN_CANADA","badgeClass":"badge11","text":"Prepared in Canada","icon":{"url":"https://dis-prod.assetful.loblaw.ca/content/dam/loblaw-companies-limited/creative-assets/pc-optimum/global-list/maple-leaf-red.png","altText":"","placement":"LEFT"}}},{"index":3,"promotions":[],"productId":"21205224001_EA","productImage":[{"imageUrl":"https://digital.loblaws.ca/PCX/21205224001_EA/en/1/21205224001_en_front_1200.png","thumbnailUrl":"https://digital.loblaws.ca/PCX/21205224001_EA/en/1/21205224001_en_front_120.png","smallUrl":"https://digital.loblaws.ca/PCX/21205224001_EA/en/1/21205224001_en_front_250.png","mediumUrl":"https://digital.loblaws.ca/PCX/21205224001_EA/en/1/21205224001_en_front_400.png","largeUrl":"https://digital.loblaws.ca/PCX/21205224001_EA/en/1/21205224001_en_front_800.png","extraLargeUrl":"https://digital.loblaws.ca/PCX/21205224001_EA/en/1/21205224001_en_front_1200.png","smallRetinaUrl":"https://digital.loblaws.ca/PCX/21205224001_EA/en/1/21205224001_en_front_1200.png","mediumRetinaUrl":"https://digital.loblaws.ca/PCX/21205224001_EA/en/1/21205224001_en_front_1200.png","largeRetinaUrl":"https://digital.loblaws.ca/PCX/21205224001_EA/en/1/21205224001_en_front_1200.png"}],"brand":"PC Organics","title":"Free-Range Large Brown Eggs, Club Pack (30 Count)","description":"\u003cp\u003e✓ Did you know…all PC® eggs are consciously sourced from farms using 100% cage-free spaces.\u003c/p\u003e","packageSizing":"30 ea, $0.58/1ea","pricing":{"price":"17.25","wasPrice":null,"displayPrice":"$17.25","memberOnlyPrice":null,"mopDisplayPrice":null,"ehfTotal":null,"environmentalHandlingFee":null,"taxInfo":""},"pricingUnits":{"type":"SOLD_BY_EACH","unit":"ea","interval":1,"minOrderQuantity":1,"maxOrderQuantity":24,"weighted":false},"deal":null,"mopDeal":null,"pcoDeal":null,"inventoryIndicator":null,"offerType":"OG","offerId":"OG","action":null,"isVariant":false,"link":"/en/free-range-large-brown-eggs-club-pack-30-count/p/21205224001_EA","productVendor":null,"productVariant":null,"textBadge":"","variantTheme":null,"articleNumber":"21205224001","uom":"EA","sponsoredCreative":null,"isSponsored":false,"isComplementarySponsored":false,"complementarySponsoredBadgeText":null,"productBadge":{"badgeId":"PREPARED_IN_CANADA","badgeClass":"badge11","text":"Prepared in Canada","icon":{"url":"https://dis-prod.assetful.loblaw.ca/content/dam/loblaw-companies-limited/creative-assets/pc-optimum/global-list/maple-leaf-red.png","altText":"","placement":"LEFT"}}},{"index":4,"promotions":[],"productId":"20812726001_EA","productImage":[{"imageUrl":"https://digital.loblaws.ca/PCX/20812726001_EA/en/1/20812726001_enfr_front_1200.png","thumbnailUrl":"https://digital.loblaws.ca/PCX/20812726001_EA/en/1/20812726001_enfr_front_120.png","smallUrl":"https://digital.loblaws.ca/PCX/20812726001_EA/en/1/20812726001_enfr_front_250.png","mediumUrl":"https://digital.loblaws.ca/PCX/20812726001_EA/en/1/20812726001_enfr_front_400.png","largeUrl":"https://digital.loblaws.ca/PCX/20812726001_EA/en/1/20812726001_enfr_front_800.png","extraLargeUrl":"https://digital.loblaws.ca/PCX/20812726001_EA/en/1/20812726001_enfr_front_1200.png","smallRetinaUrl":"https://digital.loblaws.ca/PCX/20812726001_EA/en/1/20812726001_enfr_front_1200.png","mediumRetinaUrl":"https://digital.loblaws.ca/PCX/20812726001_EA/en/1/20812726001_enfr_front_1200.png","largeRetinaUrl":"https://digital.loblaws.ca/PCX/20812726001_EA/en/1/20812726001_enfr_front_1200.png"}],"brand":"No Name","title":"Grade A Extra Large Eggs","description":"Eggs range in size (extra-large, large, medium, etc.) and their shells are either white or brown, depending on the breed of the hen. Crack the thin, protective shell against the edge of a bowl (with one hand, if you want to impress your friends) and use the yolk and egg white inside for your favourite breakfast recipes and desserts.","packageSizing":"12 ea, $0.39/1ea","pricing":{"price":"4.69","wasPrice":null,"displayPrice":"$4.69","memberOnlyPrice":null,"mopDisplayPrice":null,"ehfTotal":null,"environmentalHandlingFee":null,"taxInfo":""},"pricingUnits":{"type":"SOLD_BY_EACH","unit":"ea","interval":1,"minOrderQuantity":1,"maxOrderQuantity":24,"weighted":false},"deal":null,"mopDeal":null,"pcoDeal":null,"inventoryIndicator":null,"offerType":"OG","offerId":"OG","action":null,"isVariant":false,"link":"/en/grade-a-extra-large-eggs/p/20812726001_EA","productVendor":null,"productVariant":null,"textBadge":"","variantTheme":null,"articleNumber":"20812726001","uom":"EA","sponsoredCreative":null,"isSponsored":false,"isComplementarySponsored":false,"complementarySponsoredBadgeText":null,"productBadge":null},{"index":5,"promotions":[],"productId":"20815787001_EA","productImage":[{"imageUrl":"https://digital.loblaws.ca/PCX/20815787001_EA/en/1/20815787001_en_front_1200.png","thumbnailUrl":"https://digital.loblaws.ca/PCX/20815787001_EA/en/1/20815787001_en_front_120.png","smallUrl":"https://digital.loblaws.ca/PCX/20815787001_EA/en/1/20815787001_en_front_250.png","mediumUrl":"https://digital.loblaws.ca/PCX/20815787001_EA/en/1/20815787001_en_front_400.png","largeUrl":"https://digital.loblaws.ca/PCX/20815787001_EA/en/1/20815787001_en_front_800.png","extraLargeUrl":"https://digital.loblaws.ca/PCX/20815787001_EA/en/1/20815787001_en_front_1200.png","smallRetinaUrl":"https://digital.loblaws.ca/PCX/20815787001_EA/en/1/20815787001_en_front_1200.png","mediumRetinaUrl":"https://digital.loblaws.ca/PCX/20815787001_EA/en/1/20815787001_en_front_1200.png","largeRetinaUrl":"https://digital.loblaws.ca/PCX/20815787001_EA/en/1/20815787001_en_front_1200.png"}],"brand":"Burnbrae Farms","title":"Naturegg Omega Plus White Eggs, Large","description":"Omega-3 eggs are produced from hens that have been fed a flax-based diet. They provide an additional source of omega-3 fatty acids and can be used in the same ways as regular eggs. Crack the thin, protective shell against the edge of a bowl (with one hand, if you want to impress your friends) and use the yolk and egg white inside for your favourite breakfast recipes and desserts.","packageSizing":"12 ea, $0.54/1ea","pricing":{"price":"6.50","wasPrice":"$7.15","displayPrice":"$6.50","memberOnlyPrice":null,"mopDisplayPrice":null,"ehfTotal":null,"environmentalHandlingFee":null,"taxInfo":""},"pricingUnits":{"type":"SOLD_BY_EACH","unit":"ea","interval":1,"minOrderQuantity":1,"maxOrderQuantity":24,"weighted":false},"deal":{"type":"SALE","text":"SAVE $0.65","points":0,"name":"SALE","expiryDate":"2025-10-15T00:00:00Z","dealPrice":null},"mopDeal":null,"pcoDeal":null,"inventoryIndicator":null,"offerType":"OG","offerId":"OG","action":null,"isVariant":false,"link":"/en/naturegg-omega-plus-white-eggs-large/p/20815787001_EA","productVendor":null,"productVariant":null,"textBadge":"","variantTheme":null,"articleNumber":"20815787001","uom":"EA","sponsoredCreative":null,"isSponsored":false,"isComplementarySponsored":false,"complementarySponsoredBadgeText":null,"productBadge":{"badgeId":"PREPARED_IN_CANADA","badgeClass":"badge11","text":"Prepared in Canada","icon":{"url":"https://dis-prod.assetful.loblaw.ca/content/dam/loblaw-companies-limited/creative-assets/pc-optimum/global-list/maple-leaf-red.png","altText":"","placement":"LEFT"}}},{"index":6,"promotions":[],"productId":"20813628001_EA","productImage":[{"imageUrl":"https://digital.loblaws.ca/PCX/20813628001_EA/en/1/20813628001_en_front_1200.png","thumbnailUrl":"https://digital.loblaws.ca/PCX/20813628001_EA/en/1/20813628001_en_front_120.png","smallUrl":"https://digital.loblaws.ca/PCX/20813628001_EA/en/1/20813628001_en_front_250.png","mediumUrl":"https://digital.loblaws.ca/PCX/20813628001_EA/en/1/20813628001_en_front_400.png","largeUrl":"https://digital.loblaws.ca/PCX/20813628001_EA/en/1/20813628001_en_front_800.png","extraLargeUrl":"https://digital.loblaws.ca/PCX/20813628001_EA/en/1/20813628001_en_front_1200.png","smallRetinaUrl":"https://digital.loblaws.ca/PCX/20813628001_EA/en/1/20813628001_en_front_1200.png","mediumRetinaUrl":"https://digital.loblaws.ca/PCX/20813628001_EA/en/1/20813628001_en_front_1200.png","largeRetinaUrl":"https://digital.loblaws.ca/PCX/20813628001_EA/en/1/20813628001_en_front_1200.png"}],"brand":"President's Choice","title":"Free Run Brown Eggs Large","description":"\u003cp\u003eThese Canada Grade A eggs are exclusively from hens who live in an open-concept barn environment where they are free to roam, feed and nest. One of the most versatile ingredients in the kitchen, choose from our large eggs with 6 g of protein each or our extra large eggs with 7 g of protein each. Canada’s Food Guide considers 2 eggs to be one serving from the Meat and Alternatives food group.\u003c/p\u003e\u003cp\u003e\u003cbr\u003e\u003c/p\u003e\u003cp\u003e\u003cspan style=\"color: rgb(130, 130, 130); font-family: helvetica, arial, sans-serif; font-size: 15.2px; font-style: normal; font-variant-ligatures: normal; font-variant-caps: normal; font-weight: 400; letter-spacing: normal; orphans: 2; text-align: left; text-indent: 0px; text-transform: none; widows: 2; word-spacing: 0px; -webkit-text-stroke-width: 0px; white-space: normal; background-color: rgb(255, 255, 255); text-decoration-thickness: initial; text-decoration-style: initial; text-decoration-color: initial; display: inline !important; float: none;\"\u003e✓ Did you know…all PC® eggs are consciously sourced from farms using 100% cage-free spaces.\u003c/span\u003e\u003c/p\u003e","packageSizing":"12 ea, $0.60/1ea","pricing":{"price":"7.15","wasPrice":null,"displayPrice":"$7.15","memberOnlyPrice":null,"mopDisplayPrice":null,"ehfTotal":null,"environmentalHandlingFee":null,"taxInfo":""},"pricingUnits":{"type":"SOLD_BY_EACH","unit":"ea","interval":1,"minOrderQuantity":1,"maxOrderQuantity":24,"weighted":false},"deal":null,"mopDeal":null,"pcoDeal":null,"inventoryIndicator":null,"offerType":"OG","offerId":"OG","action":null,"isVariant":false,"link":"/en/free-run-brown-eggs-large/p/20813628001_EA","productVendor":null,"productVariant":null,"textBadge":"","variantTheme":null,"articleNumber":"20813628001","uom":"EA","sponsoredCreative":null,"isSponsored":false,"isComplementarySponsored":false,"complementarySponsoredBadgeText":null,"productBadge":{"badgeId":"PREPARED_IN_CANADA","badgeClass":"badge11","text":"Prepared in Canada","icon":{"url":"https://dis-prod.assetful.loblaw.ca/content/dam/loblaw-companies-limited/creative-assets/pc-optimum/global-list/maple-leaf-red.png","altText":"","placement":"LEFT"}}},{"index":7,"promotions":[],"productId":"20814294001_EA","productImage":[{"imageUrl":"https://digital.loblaws.ca/PCX/20814294001_EA/en/1/6565100001_enfr_front_centre_marketing_GS1_Ecommerce_1200.png","thumbnailUrl":"https://digital.loblaws.ca/PCX/20814294001_EA/en/1/6565100001_enfr_front_centre_marketing_GS1_Ecommerce_120.png","smallUrl":"https://digital.loblaws.ca/PCX/20814294001_EA/en/1/6565100001_enfr_front_centre_marketing_GS1_Ecommerce_250.png","mediumUrl":"https://digital.loblaws.ca/PCX/20814294001_EA/en/1/6565100001_enfr_front_centre_marketing_GS1_Ecommerce_400.png","largeUrl":"https://digital.loblaws.ca/PCX/20814294001_EA/en/1/6565100001_enfr_front_centre_marketing_GS1_Ecommerce_800.png","extraLargeUrl":"https://digital.loblaws.ca/PCX/20814294001_EA/en/1/6565100001_enfr_front_centre_marketing_GS1_Ecommerce_1200.png","smallRetinaUrl":"https://digital.loblaws.ca/PCX/20814294001_EA/en/1/6565100001_enfr_front_centre_marketing_GS1_Ecommerce_1200.png","mediumRetinaUrl":"https://digital.loblaws.ca/PCX/20814294001_EA/en/1/6565100001_enfr_front_centre_marketing_GS1_Ecommerce_1200.png","largeRetinaUrl":"https://digital.loblaws.ca/PCX/20814294001_EA/en/1/6565100001_enfr_front_centre_marketing_GS1_Ecommerce_1200.png"}],"brand":"Burnbrae Farms","title":"Grade A Large Eggs","description":"Since 1893.\u003cbr\u003e\u003cbr\u003eFrom Our Family to Yours!","packageSizing":"18 ea, $0.40/1ea","pricing":{"price":"7.24","wasPrice":null,"displayPrice":"$7.24","memberOnlyPrice":null,"mopDisplayPrice":null,"ehfTotal":null,"environmentalHandlingFee":null,"taxInfo":""},"pricingUnits":{"type":"SOLD_BY_EACH","unit":"ea","interval":1,"minOrderQuantity":1,"maxOrderQuantity":24,"weighted":false},"deal":null,"mopDeal":null,"pcoDeal":null,"inventoryIndicator":null,"offerType":"OG","offerId":"OG","action":null,"isVariant":false,"link":"/en/grade-a-large-eggs/p/20814294001_EA","productVendor":null,"productVariant":null,"textBadge":"","variantTheme":null,"articleNumber":"20814294001","uom":"EA","sponsoredCreative":null,"isSponsored":false,"isComplementarySponsored":false,"complementarySponsoredBadgeText":null,"productBadge":null},{"index":8,"promotions":[],"productId":"21685186001_EA","productImage":[{"imageUrl":"https://digital.loblaws.ca/PCX/21685186001_EA/en/1/21685186001_en_front_1200.png","thumbnailUrl":"https://digital.loblaws.ca/PCX/21685186001_EA/en/1/21685186001_en_front_120.png","smallUrl":"https://digital.loblaws.ca/PCX/21685186001_EA/en/1/21685186001_en_front_250.png","mediumUrl":"https://digital.loblaws.ca/PCX/21685186001_EA/en/1/21685186001_en_front_400.png","largeUrl":"https://digital.loblaws.ca/PCX/21685186001_EA/en/1/21685186001_en_front_800.png","extraLargeUrl":"https://digital.loblaws.ca/PCX/21685186001_EA/en/1/21685186001_en_front_1200.png","smallRetinaUrl":"https://digital.loblaws.ca/PCX/21685186001_EA/en/1/21685186001_en_front_1200.png","mediumRetinaUrl":"https://digital.loblaws.ca/PCX/21685186001_EA/en/1/21685186001_en_front_1200.png","largeRetinaUrl":"https://digital.loblaws.ca/PCX/21685186001_EA/en/1/21685186001_en_front_1200.png"}],"brand":"No Name","title":"Eggs, Medium","description":"\u003cp\u003eA\r\n  kitchen essential for baking and cooking your favourite recipes, add Medium\r\n  Size Eggs to your shopping list. They're perfect for making omelettes, egg\r\n  sandwiches, quiches, muffins, and more. The pack contains 30 eggs for the\r\n  whole family.\u003c/p\u003e","packageSizing":"30 ea, $0.32/1ea","pricing":{"price":"9.52","wasPrice":null,"displayPrice":"$9.52","memberOnlyPrice":null,"mopDisplayPrice":null,"ehfTotal":null,"environmentalHandlingFee":null,"taxInfo":""},"pricingUnits":{"type":"SOLD_BY_EACH","unit":"ea","interval":1,"minOrderQuantity":1,"maxOrderQuantity":25,"weighted":false},"deal":null,"mopDeal":null,"pcoDeal":null,"inventoryIndicator":null,"offerType":"OG","offerId":"OG","action":null,"isVariant":false,"link":"/en/eggs-medium/p/21685186001_EA","productVendor":null,"productVariant":null,"textBadge":"","variantTheme":null,"articleNumber":"21685186001","uom":"EA","sponsoredCreative":null,"isSponsored":false,"isComplementarySponsored":false,"complementarySponsoredBadgeText":null,"productBadge":{"badgeId":"NEW","badgeClass":null,"text":"New","icon":null}},{"index":9,"promotions":[],"productId":"20813711001_EA","productImage":[{"imageUrl":"https://digital.loblaws.ca/PCX/20813711001_EA/en/1/20813711001_en_front_1200.png","thumbnailUrl":"https://digital.loblaws.ca/PCX/20813711001_EA/en/1/20813711001_en_front_120.png","smallUrl":"https://digital.loblaws.ca/PCX/20813711001_EA/en/1/20813711001_en_front_250.png","mediumUrl":"https://digital.loblaws.ca/PCX/20813711001_EA/en/1/20813711001_en_front_400.png","largeUrl":"https://digital.loblaws.ca/PCX/20813711001_EA/en/1/20813711001_en_front_800.png","extraLargeUrl":"https://digital.loblaws.ca/PCX/20813711001_EA/en/1/20813711001_en_front_1200.png","smallRetinaUrl":"https://digital.loblaws.ca/PCX/20813711001_EA/en/1/20813711001_en_front_1200.png","mediumRetinaUrl":"https://digital.loblaws.ca/PCX/20813711001_EA/en/1/20813711001_en_front_1200.png","largeRetinaUrl":"https://digital.loblaws.ca/PCX/20813711001_EA/en/1/20813711001_en_front_1200.png"}],"brand":"PC Organics","title":"Free Range Large Brown Eggs","description":"\u003cp\u003eFeel good about picking up Organics Free Range Large Brown Eggs. This carton comes with 12 eggs, perfect for your cooking and baking needs.\u003c/p\u003e\u003cp\u003e\u003cbr\u003e\u003c/p\u003e\u003cp\u003e\u003cspan style=\"color: rgb(130, 130, 130); font-family: helvetica, arial, sans-serif; font-size: 15.2px; font-style: normal; font-variant-ligatures: normal; font-variant-caps: normal; font-weight: 400; letter-spacing: normal; orphans: 2; text-align: left; text-indent: 0px; text-transform: none; widows: 2; word-spacing: 0px; -webkit-text-stroke-width: 0px; white-space: normal; background-color: rgb(255, 255, 255); text-decoration-thickness: initial; text-decoration-style: initial; text-decoration-color: initial; display: inline !important; float: none;\"\u003e✓ Did you know…all PC® eggs are consciously sourced from farms using 100% cage-free spaces.\u003c/span\u003e\u003c/p\u003e","packageSizing":"12 ea, $0.66/1ea","pricing":{"price":"7.89","wasPrice":null,"displayPrice":"$7.89","memberOnlyPrice":null,"mopDisplayPrice":null,"ehfTotal":null,"environmentalHandlingFee":null,"taxInfo":""},"pricingUnits":{"type":"SOLD_BY_EACH","unit":"ea","interval":1,"minOrderQuantity":1,"maxOrderQuantity":24,"weighted":false},"deal":null,"mopDeal":null,"pcoDeal":null,"inventoryIndicator":null,"offerType":"OG","offerId":"OG","action":null,"isVariant":false,"link":"/en/free-range-large-brown-eggs/p/20813711001_EA","productVendor":null,"productVariant":null,"textBadge":"","variantTheme":null,"articleNumber":"20813711001","uom":"EA","sponsoredCreative":null,"isSponsored":false,"isComplementarySponsored":false,"complementarySponsoredBadgeText":null,"productBadge":{"badgeId":"PREPARED_IN_CANADA","badgeClass":"badge11","text":"Prepared in Canada","icon":{"url":"https://dis-prod.assetful.loblaw.ca/content/dam/loblaw-companies-limited/creative-assets/pc-optimum/global-list/maple-leaf-red.png","altText":"","placement":"LEFT"}}},{"index":10,"promotions":[{"type":"DEAL","quantity":null,"savings":null,"value":null,"promoCode":"000002857991","expiryDate":"9999-12-31T00:00:00Z","title":null,"promoType":null,"pricingMethod":"3","text":"PC Optimum Points","reward":"$_FIXED","callToAction":{"text":"Shop Offer","url":"/shop-by-promo/000002857991"}}],"productId":"20302779_EA","productImage":[{"imageUrl":"https://digital.loblaws.ca/PCX/20302779_EA/en/1/20302779_en_front_1200.png","thumbnailUrl":"https://digital.loblaws.ca/PCX/20302779_EA/en/1/20302779_en_front_120.png","smallUrl":"https://digital.loblaws.ca/PCX/20302779_EA/en/1/20302779_en_front_250.png","mediumUrl":"https://digital.loblaws.ca/PCX/20302779_EA/en/1/20302779_en_front_400.png","largeUrl":"https://digital.loblaws.ca/PCX/20302779_EA/en/1/20302779_en_front_800.png","extraLargeUrl":"https://digital.loblaws.ca/PCX/20302779_EA/en/1/20302779_en_front_1200.png","smallRetinaUrl":"https://digital.loblaws.ca/PCX/20302779_EA/en/1/20302779_en_front_1200.png","mediumRetinaUrl":"https://digital.loblaws.ca/PCX/20302779_EA/en/1/20302779_en_front_1200.png","largeRetinaUrl":"https://digital.loblaws.ca/PCX/20302779_EA/en/1/20302779_en_front_1200.png"}],"brand":"Kelloggs","title":"Eggo Original Waffles, 8 waffles","description":"\u003cp\u003eOur classic Eggo® waffle. Crispy on the outside, fluffy in the inside, so delicious you can't just L'Eggo! The taste of homemade without all of the work. Enjoy the crispy, convenient family favourite.\u003c/p\u003e\u003cul\u003e\u003cli\u003e180 cal per serving (2 waffles)\u003c/li\u003e\u003cli\u003eNo artificial flavours or colours\u003c/li\u003e\u003cli\u003eLow in sugar\u003c/li\u003e\u003cli\u003eSource of 7 vitamins and minerals\u003c/li\u003e\u003cli\u003eCrispy on the outside, fluffy in the inside\u003c/li\u003e\u003c/ul\u003e","packageSizing":"280 g, $1.60/100g","pricing":{"price":"4.49","wasPrice":null,"displayPrice":"$4.49","memberOnlyPrice":null,"mopDisplayPrice":null,"ehfTotal":null,"environmentalHandlingFee":null,"taxInfo":""},"pricingUnits":{"type":"SOLD_BY_EACH","unit":"ea","interval":1,"minOrderQuantity":1,"maxOrderQuantity":24,"weighted":false},"deal":{"type":"MULTI","text":"$4.00 MIN 2","points":0,"name":"MULTI","expiryDate":null,"dealPrice":null},"mopDeal":null,"pcoDeal":null,"inventoryIndicator":null,"offerType":"OG","offerId":"OG","action":null,"isVariant":false,"link":"/en/eggo-original-waffles-8-waffles/p/20302779_EA","productVendor":null,"productVariant":null,"textBadge":"","variantTheme":null,"articleNumber":"20302779","uom":"EA","sponsoredCreative":null,"isSponsored":false,"isComplementarySponsored":false,"complementarySponsoredBadgeText":null,"productBadge":null},{"index":11,"promotions":[],"productId":"20813936001_EA","productImage":[{"imageUrl":"https://digital.loblaws.ca/PCX/20813936001_EA/en/1/20813936001_en_front_1200.png","thumbnailUrl":"https://digital.loblaws.ca/PCX/20813936001_EA/en/1/20813936001_en_front_120.png","smallUrl":"https://digital.loblaws.ca/PCX/20813936001_EA/en/1/20813936001_en_front_250.png","mediumUrl":"https://digital.loblaws.ca/PCX/20813936001_EA/en/1/20813936001_en_front_400.png","largeUrl":"https://digital.loblaws.ca/PCX/20813936001_EA/en/1/20813936001_en_front_800.png","extraLargeUrl":"https://digital.loblaws.ca/PCX/20813936001_EA/en/1/20813936001_en_front_1200.png","smallRetinaUrl":"https://digital.loblaws.ca/PCX/20813936001_EA/en/1/20813936001_en_front_1200.png","mediumRetinaUrl":"https://digital.loblaws.ca/PCX/20813936001_EA/en/1/20813936001_en_front_1200.png","largeRetinaUrl":"https://digital.loblaws.ca/PCX/20813936001_EA/en/1/20813936001_en_front_1200.png"}],"brand":"No Name","title":"Grade A Large Brown Eggs","description":"Eggs range in size (extra-large, large, medium, etc.) and their shells are either white or brown, depending on the breed of the hen. Crack the thin, protective shell against the edge of a bowl (with one hand, if you want to impress your friends) and use the yolk and egg white inside for your favourite breakfast recipes and desserts.","packageSizing":"12 ea, $0.52/1ea","pricing":{"price":"6.29","wasPrice":null,"displayPrice":"$6.29","memberOnlyPrice":null,"mopDisplayPrice":null,"ehfTotal":null,"environmentalHandlingFee":null,"taxInfo":""},"pricingUnits":{"type":"SOLD_BY_EACH","unit":"ea","interval":1,"minOrderQuantity":1,"maxOrderQuantity":24,"weighted":false},"deal":null,"mopDeal":null,"pcoDeal":null,"inventoryIndicator":null,"offerType":"OG","offerId":"OG","action":null,"isVariant":false,"link":"/en/grade-a-large-brown-eggs/p/20813936001_EA","productVendor":null,"productVariant":null,"textBadge":"","variantTheme":null,"articleNumber":"20813936001","uom":"EA","sponsoredCreative":null,"isSponsored":false,"isComplementarySponsored":false,"complementarySponsoredBadgeText":null,"productBadge":null},{"index":12,"promotions":[],"productId":"21669805_EA","productImage":[{"imageUrl":"https://digital.loblaws.ca/PCX/21669805_EA/en/1/21669805_en_front_1200.png","thumbnailUrl":"https://digital.loblaws.ca/PCX/21669805_EA/en/1/21669805_en_front_120.png","smallUrl":"https://digital.loblaws.ca/PCX/21669805_EA/en/1/21669805_en_front_250.png","mediumUrl":"https://digital.loblaws.ca/PCX/21669805_EA/en/1/21669805_en_front_400.png","largeUrl":"https://digital.loblaws.ca/PCX/21669805_EA/en/1/21669805_en_front_800.png","extraLargeUrl":"https://digital.loblaws.ca/PCX/21669805_EA/en/1/21669805_en_front_1200.png","smallRetinaUrl":"https://digital.loblaws.ca/PCX/21669805_EA/en/1/21669805_en_front_1200.png","mediumRetinaUrl":"https://digital.loblaws.ca/PCX/21669805_EA/en/1/21669805_en_front_1200.png","largeRetinaUrl":"https://digital.loblaws.ca/PCX/21669805_EA/en/1/21669805_en_front_1200.png"}],"brand":"Schneiders","title":"Thick Cut Fully Cooked Bacon","description":"\u003cp\u003eSchneiders® Thick Cut Fully Cooked Bacon makes a quick and easy addition to any meal. Ready in just 10 seconds, these pre-cooked bacon strips deliver the classic hardwood smoked bacon flavour Canadians know and love. Whether paired with eggs for breakfast or layered in a BLT for lunch, these bacon strips make meal prep quick, easy and delicious. With approximately 10 thick-cut strips per package, there’s enough to share with the whole family - perfect for busy weekdays or weekend brunches. Made with no artificial colours or flavours, these bacon strips offer authentic, real bacon taste. Since 1890, Schneiders® brand has established a rich heritage of original and authentic recipes using premium ingredients and taking all the time needed to honour the origin and inspiration of each recipe. Quality never gets old™.\u003c/p\u003e\u003cul\u003e\u003cli\u003eClassic Taste: Enjoy the classic hardwood smoked bacon flavour Canadians know and love\u003c/li\u003e\u003cli\u003eFully Cooked: Ready in 10 seconds, fit real bacon into your schedule - from busy mornings to quick dinners and everything in between.\u003c/li\u003e\u003cli\u003eThick Cut: Schneiders® hearty thick cut bacon strips make a satisfying addition to any meal\u003c/li\u003e\u003cli\u003eReal Bacon: Made without any artificial colours or flavours for classic bacon taste and texture\u003c/li\u003e\u003cli\u003eQuality Never Gets Old™: Schneiders® — delivering authentic flavours and premium quality since 1890\u003c/li\u003e\u003c/ul\u003e","packageSizing":"100 g, $10.00/100g","pricing":{"price":"10.00","wasPrice":null,"displayPrice":"$10.00","memberOnlyPrice":null,"mopDisplayPrice":null,"ehfTotal":null,"environmentalHandlingFee":null,"taxInfo":""},"pricingUnits":{"type":"SOLD_BY_EACH","unit":"ea","interval":1,"minOrderQuantity":1,"maxOrderQuantity":24,"weighted":false},"deal":null,"mopDeal":null,"pcoDeal":null,"inventoryIndicator":null,"offerType":"OG","offerId":"OG","action":null,"isVariant":false,"link":"/en/thick-cut-fully-cooked-bacon/p/21669805_EA","productVendor":null,"productVariant":null,"textBadge":"","variantTheme":null,"articleNumber":"21669805","uom":"EA","sponsoredCreative":{"adGroupId":"49089710-ff3a-4a02-b0a7-c15ca65cffe8","campaignId":"95fa15ef-e224-40b6-90f8-3f943f713102","placementId":"0c4c23bf-ea0d-47e3-9a0c-29cc14c9be84","encryptedCost":"xVE4gIVVVi2K96ukg5jQWpdOKOv9KJ9MGABWM4MqpWc=","creativeId":"fbcc1949-5070-44f8-aa85-a74308c97c7e","servingId":"dcac5bef-bf03-4e52-8f18-ac2d237a3943","keyword":"eggs","targetedKeyword":"eggs","matchType":"EXACT_MATCH","targetPageType":"SRP"},"isSponsored":true,"isComplementarySponsored":true,"complementarySponsoredBadgeText":"You might like","productBadge":{"badgeId":"SPONSORED","badgeClass":null,"text":"Sponsored","icon":null}},{"index":13,"promotions":[],"productId":"20099730004_EA","productImage":[{"imageUrl":"https://digital.loblaws.ca/PCX/20099730004_EA/en/1/20099730004_en_front_1200.png","thumbnailUrl":"https://digital.loblaws.ca/PCX/20099730004_EA/en/1/20099730004_en_front_120.png","smallUrl":"https://digital.loblaws.ca/PCX/20099730004_EA/en/1/20099730004_en_front_250.png","mediumUrl":"https://digital.loblaws.ca/PCX/20099730004_EA/en/1/20099730004_en_front_400.png","largeUrl":"https://digital.loblaws.ca/PCX/20099730004_EA/en/1/20099730004_en_front_800.png","extraLargeUrl":"https://digital.loblaws.ca/PCX/20099730004_EA/en/1/20099730004_en_front_1200.png","smallRetinaUrl":"https://digital.loblaws.ca/PCX/20099730004_EA/en/1/20099730004_en_front_1200.png","mediumRetinaUrl":"https://digital.loblaws.ca/PCX/20099730004_EA/en/1/20099730004_en_front_1200.png","largeRetinaUrl":"https://digital.loblaws.ca/PCX/20099730004_EA/en/1/20099730004_en_front_1200.png"}],"brand":"Kelloggs","title":"Eggo Original Waffles, 16 waffles","description":"\u003cp\u003eOur classic Eggo® waffle. Crispy on the outside, fluffy in the inside, so delicious you can't just L'Eggo! The taste of homemade without all of the work. Enjoy the crispy, convenient family favourite.\u003c/p\u003e\u003cul\u003e\u003cli\u003e180 cal per serving (2 waffles)\u003c/li\u003e\u003cli\u003eNo artificial flavours or colours\u003c/li\u003e\u003cli\u003eLow in sugar\u003c/li\u003e\u003cli\u003eSource of 7 vitamins and minerals\u003c/li\u003e\u003cli\u003eCrispy on the outside, fluffy in the inside\u003c/li\u003e\u003c/ul\u003e","packageSizing":"560 g, $0.89/100g","pricing":{"price":"5.00","wasPrice":"$7.99","displayPrice":"$5.00","memberOnlyPrice":null,"mopDisplayPrice":null,"ehfTotal":null,"environmentalHandlingFee":null,"taxInfo":""},"pricingUnits":{"type":"SOLD_BY_EACH","unit":"ea","interval":1,"minOrderQuantity":1,"maxOrderQuantity":24,"weighted":false},"deal":{"type":"SALE","text":"SAVE $2.99","points":0,"name":"SALE","expiryDate":"2025-10-15T00:00:00Z","dealPrice":null},"mopDeal":null,"pcoDeal":null,"inventoryIndicator":null,"offerType":"OG","offerId":"OG","action":null,"isVariant":false,"link":"/en/eggo-original-waffles-16-waffles/p/20099730004_EA","productVendor":null,"productVariant":null,"textBadge":"","variantTheme":null,"articleNumber":"20099730004","uom":"EA","sponsoredCreative":null,"isSponsored":false,"isComplementarySponsored":false,"complementarySponsoredBadgeText":null,"productBadge":null},{"index":14,"promotions":[],"productId":"21540213_EA","productImage":[{"imageUrl":"https://digital.loblaws.ca/PCX/21540213_EA/en/1/21540213_en_front_1200.png","thumbnailUrl":"https://digital.loblaws.ca/PCX/21540213_EA/en/1/21540213_en_front_120.png","smallUrl":"https://digital.loblaws.ca/PCX/21540213_EA/en/1/21540213_en_front_250.png","mediumUrl":"https://digital.loblaws.ca/PCX/21540213_EA/en/1/21540213_en_front_400.png","largeUrl":"https://digital.loblaws.ca/PCX/21540213_EA/en/1/21540213_en_front_800.png","extraLargeUrl":"https://digital.loblaws.ca/PCX/21540213_EA/en/1/21540213_en_front_1200.png","smallRetinaUrl":"https://digital.loblaws.ca/PCX/21540213_EA/en/1/21540213_en_front_1200.png","mediumRetinaUrl":"https://digital.loblaws.ca/PCX/21540213_EA/en/1/21540213_en_front_1200.png","largeRetinaUrl":"https://digital.loblaws.ca/PCX/21540213_EA/en/1/21540213_en_front_1200.png"}],"brand":"Armstrong","title":"Nibblers Smokey Bacon Natural Cheese Snacks","description":"Savoury as can be! Smokey Bacon will rev up your taste buds and savour the home style flavour. Known for its mouth-watering flavour with the same firmness as cheese but has a springy texture. A snack time favourite, high in protein, available in many delicious flavours for the whole family!Armstrong Nibblers is the proud winner of the 2024 Best New Product Award!*CANADIANS CRAVE ARMSTRONG CHEESESTRONG ON HERITAGESince 1902, our master cheesemakers have passed along their knowledge and expertise to bring you Cheddar cheese at its best.STRONG ON CHEDDAROur natural cheeses are made from fresh milk and will taste delicious in your recipes.STRONG ON VALUESWe believe the best dairy products begin with milk from healthy, well cared for animals. We pledge to continue to promote best practices in dairy animal care.*Best New Product for Snacking Cheese category in a 2024 BrandSpark® survey.","packageSizing":"200 g, $2.50/100g","pricing":{"price":"5.00","wasPrice":null,"displayPrice":"$5.00","memberOnlyPrice":null,"mopDisplayPrice":null,"ehfTotal":null,"environmentalHandlingFee":null,"taxInfo":""},"pricingUnits":{"type":"SOLD_BY_EACH","unit":"ea","interval":1,"minOrderQuantity":1,"maxOrderQuantity":24,"weighted":false},"deal":null,"mopDeal":null,"pcoDeal":null,"inventoryIndicator":null,"offerType":"OG","offerId":"OG","action":null,"isVariant":false,"link":"/en/nibblers-smokey-bacon-natural-cheese-snacks/p/21540213_EA","productVendor":null,"productVariant":null,"textBadge":"","variantTheme":null,"articleNumber":"21540213","uom":"EA","sponsoredCreative":{"adGroupId":"874f2187-3900-4d34-80e7-e8e57f6bac74","campaignId":"ec167155-0404-4a25-a491-f423545b45ed","placementId":"0c4c23bf-ea0d-47e3-9a0c-29cc14c9be84","encryptedCost":"azU2whAAlIik89d0L0fhsfEGHUeFLwUfLFBqL2agCc0=","creativeId":"b36c2457-6219-450f-a4bf-ef26d38b44d3","servingId":"dcac5bef-bf03-4e52-8f18-ac2d237a3943","keyword":"eggs","targetedKeyword":"eggs","matchType":"EXACT_MATCH","targetPageType":"SRP"},"isSponsored":true,"isComplementarySponsored":true,"complementarySponsoredBadgeText":"You might like","productBadge":{"badgeId":"SPONSORED","badgeClass":null,"text":"Sponsored","icon":null}},{"index":15,"promotions":[],"productId":"20816075001_EA","productImage":[{"imageUrl":"https://digital.loblaws.ca/PCX/20816075001_EA/en/1/20816075001_en_front_1200.png","thumbnailUrl":"https://digital.loblaws.ca/PCX/20816075001_EA/en/1/20816075001_en_front_120.png","smallUrl":"https://digital.loblaws.ca/PCX/20816075001_EA/en/1/20816075001_en_front_250.png","mediumUrl":"https://digital.loblaws.ca/PCX/20816075001_EA/en/1/20816075001_en_front_400.png","largeUrl":"https://digital.loblaws.ca/PCX/20816075001_EA/en/1/20816075001_en_front_800.png","extraLargeUrl":"https://digital.loblaws.ca/PCX/20816075001_EA/en/1/20816075001_en_front_1200.png","smallRetinaUrl":"https://digital.loblaws.ca/PCX/20816075001_EA/en/1/20816075001_en_front_1200.png","mediumRetinaUrl":"https://digital.loblaws.ca/PCX/20816075001_EA/en/1/20816075001_en_front_1200.png","largeRetinaUrl":"https://digital.loblaws.ca/PCX/20816075001_EA/en/1/20816075001_en_front_1200.png"}],"brand":"Burnbrae Farms","title":"Naturegg Nest Laid White Eggs, Large","description":"Eggs range in size (extra-large, large, medium, etc.) and their shells are either white or brown, depending on the breed of the hen. Crack the thin, protective shell against the edge of a bowl (with one hand, if you want to impress your friends) and use the yolk and egg white inside for your favourite breakfast recipes and desserts.","packageSizing":"12 ea, $0.46/1ea","pricing":{"price":"5.50","wasPrice":"$6.15","displayPrice":"$5.50","memberOnlyPrice":null,"mopDisplayPrice":null,"ehfTotal":null,"environmentalHandlingFee":null,"taxInfo":""},"pricingUnits":{"type":"SOLD_BY_EACH","unit":"ea","interval":1,"minOrderQuantity":1,"maxOrderQuantity":24,"weighted":false},"deal":{"type":"SALE","text":"SAVE $0.65","points":0,"name":"SALE","expiryDate":"2025-10-15T00:00:00Z","dealPrice":null},"mopDeal":null,"pcoDeal":null,"inventoryIndicator":null,"offerType":"OG","offerId":"OG","action":null,"isVariant":false,"link":"/en/naturegg-nest-laid-white-eggs-large/p/20816075001_EA","productVendor":null,"productVariant":null,"textBadge":"","variantTheme":null,"articleNumber":"20816075001","uom":"EA","sponsoredCreative":null,"isSponsored":false,"isComplementarySponsored":false,"complementarySponsoredBadgeText":null,"productBadge":{"badgeId":"PREPARED_IN_CANADA","badgeClass":"badge11","text":"Prepared in Canada","icon":{"url":"https://dis-prod.assetful.loblaw.ca/content/dam/loblaw-companies-limited/creative-assets/pc-optimum/global-list/maple-leaf-red.png","altText":"","placement":"LEFT"}}}],"button1":null,"headerGroup":null,"productTileType":null},"isSSR":true},{"componentId":"mediaShoppableDisplayComponent","contentId":"2pJjosOkQBNfIzj03B3dyC-1","variantId":null,"id":"2pJjosOkQBNfIzj03B3dyC-1","position":7,"data":{"mediaConfiguration":{"title":null,"adUnitType":"SHOPPABLE_DISPLAY","adSizesMobile":["default"],"adSizesTablet":["default"],"adSizesDesktop":["default"],"refreshTimer":0,"lazyLoad":true,"lazyLoadingTriggerThreshold":50,"position":"2","searchTerm":"eggs","customData":{"feedbackOptions":{"form_id_iOS":"5112","form_id_web":"","form_id_android":"5160"},"reservedPlacementId":"{platform}:PCX:SRP:SHOPPABLE_DISPLAY:2","rmp.category_path":""},"pageType":"SRP","excludedProductIds":null}},"isSSR":true},{"componentId":"productGridComponent","contentId":"6atKIMngFtGlCRtqtvjrXq-2","variantId":null,"id":"6atKIMngFtGlCRtqtvjrXq-1-2-2","position":8,"data":{"pagination":{"pageNumber":1,"pageSize":48,"hasMore":true,"isLast":true,"totalResults":1837},"productTiles":[{"index":16,"promotions":[],"productId":"21572055001_EA","productImage":[{"imageUrl":"https://digital.loblaws.ca/PCX/21572055001_EA/en/1/6565102257_enfr_front_centre_marketing_GS1_Ecommerce_1200.png","thumbnailUrl":"https://digital.loblaws.ca/PCX/21572055001_EA/en/1/6565102257_enfr_front_centre_marketing_GS1_Ecommerce_120.png","smallUrl":"https://digital.loblaws.ca/PCX/21572055001_EA/en/1/6565102257_enfr_front_centre_marketing_GS1_Ecommerce_250.png","mediumUrl":"https://digital.loblaws.ca/PCX/21572055001_EA/en/1/6565102257_enfr_front_centre_marketing_GS1_Ecommerce_400.png","largeUrl":"https://digital.loblaws.ca/PCX/21572055001_EA/en/1/6565102257_enfr_front_centre_marketing_GS1_Ecommerce_800.png","extraLargeUrl":"https://digital.loblaws.ca/PCX/21572055001_EA/en/1/6565102257_enfr_front_centre_marketing_GS1_Ecommerce_1200.png","smallRetinaUrl":"https://digital.loblaws.ca/PCX/21572055001_EA/en/1/6565102257_enfr_front_centre_marketing_GS1_Ecommerce_1200.png","mediumRetinaUrl":"https://digital.loblaws.ca/PCX/21572055001_EA/en/1/6565102257_enfr_front_centre_marketing_GS1_Ecommerce_1200.png","largeRetinaUrl":"https://digital.loblaws.ca/PCX/21572055001_EA/en/1/6565102257_enfr_front_centre_marketing_GS1_Ecommerce_1200.png"}],"brand":"Burnbrae Farms","title":"Organic Free Range Eggs, 18 Eggs","description":null,"packageSizing":"18 ea, $0.64/1ea","pricing":{"price":"11.55","wasPrice":null,"displayPrice":"$11.55","memberOnlyPrice":null,"mopDisplayPrice":null,"ehfTotal":null,"environmentalHandlingFee":null,"taxInfo":""},"pricingUnits":{"type":"SOLD_BY_EACH","unit":"ea","interval":1,"minOrderQuantity":1,"maxOrderQuantity":24,"weighted":false},"deal":null,"mopDeal":null,"pcoDeal":null,"inventoryIndicator":null,"offerType":"OG","offerId":"OG","action":null,"isVariant":false,"link":"/en/organic-free-range-eggs-18-eggs/p/21572055001_EA","productVendor":null,"productVariant":null,"textBadge":"","variantTheme":null,"articleNumber":"21572055001","uom":"EA","sponsoredCreative":null,"isSponsored":false,"isComplementarySponsored":false,"complementarySponsoredBadgeText":null,"productBadge":{"badgeId":"PREPARED_IN_CANADA","badgeClass":"badge11","text":"Prepared in Canada","icon":{"url":"https://dis-prod.assetful.loblaw.ca/content/dam/loblaw-companies-limited/creative-assets/pc-optimum/global-list/maple-leaf-red.png","altText":"","placement":"LEFT"}}},{"index":17,"promotions":[{"type":"DEAL","quantity":null,"savings":null,"value":null,"promoCode":"000002857991","expiryDate":"9999-12-31T00:00:00Z","title":null,"promoType":null,"pricingMethod":"3","text":"PC Optimum Points","reward":"$_FIXED","callToAction":{"text":"Shop Offer","url":"/shop-by-promo/000002857991"}}],"productId":"20323436001_EA","productImage":[{"imageUrl":"https://digital.loblaws.ca/PCX/20323436001_EA/en/1/20323436001_en_front_1200.png","thumbnailUrl":"https://digital.loblaws.ca/PCX/20323436001_EA/en/1/20323436001_en_front_120.png","smallUrl":"https://digital.loblaws.ca/PCX/20323436001_EA/en/1/20323436001_en_front_250.png","mediumUrl":"https://digital.loblaws.ca/PCX/20323436001_EA/en/1/20323436001_en_front_400.png","largeUrl":"https://digital.loblaws.ca/PCX/20323436001_EA/en/1/20323436001_en_front_800.png","extraLargeUrl":"https://digital.loblaws.ca/PCX/20323436001_EA/en/1/20323436001_en_front_1200.png","smallRetinaUrl":"https://digital.loblaws.ca/PCX/20323436001_EA/en/1/20323436001_en_front_1200.png","mediumRetinaUrl":"https://digital.loblaws.ca/PCX/20323436001_EA/en/1/20323436001_en_front_1200.png","largeRetinaUrl":"https://digital.loblaws.ca/PCX/20323436001_EA/en/1/20323436001_en_front_1200.png"}],"brand":"Kelloggs","title":"Eggo Waffles Blueberry Flavour","description":"Cure the morning blues with Eggo Blueberry waffles. They have a light, crispy texture and the perfect amount of blueberry flavor to give every day a berry-good start!","packageSizing":"280 g, $1.60/100g","pricing":{"price":"4.49","wasPrice":null,"displayPrice":"$4.49","memberOnlyPrice":null,"mopDisplayPrice":null,"ehfTotal":null,"environmentalHandlingFee":null,"taxInfo":""},"pricingUnits":{"type":"SOLD_BY_EACH","unit":"ea","interval":1,"minOrderQuantity":1,"maxOrderQuantity":24,"weighted":false},"deal":{"type":"MULTI","text":"$4.00 MIN 2","points":0,"name":"MULTI","expiryDate":null,"dealPrice":null},"mopDeal":null,"pcoDeal":null,"inventoryIndicator":null,"offerType":"OG","offerId":"OG","action":null,"isVariant":false,"link":"/en/eggo-waffles-blueberry-flavour/p/20323436001_EA","productVendor":null,"productVariant":null,"textBadge":"","variantTheme":null,"articleNumber":"20323436001","uom":"EA","sponsoredCreative":null,"isSponsored":false,"isComplementarySponsored":false,"complementarySponsoredBadgeText":null,"productBadge":null},{"index":18,"promotions":[{"type":"DEAL","quantity":null,"savings":null,"value":null,"promoCode":"000002857991","expiryDate":"9999-12-31T00:00:00Z","title":null,"promoType":null,"pricingMethod":"3","text":"PC Optimum Points","reward":"$_FIXED","callToAction":{"text":"Shop Offer","url":"/shop-by-promo/000002857991"}}],"productId":"20323436002_EA","productImage":[{"imageUrl":"https://digital.loblaws.ca/PCX/20323436002_EA/en/1/20323436002_en_front_1200.png","thumbnailUrl":"https://digital.loblaws.ca/PCX/20323436002_EA/en/1/20323436002_en_front_120.png","smallUrl":"https://digital.loblaws.ca/PCX/20323436002_EA/en/1/20323436002_en_front_250.png","mediumUrl":"https://digital.loblaws.ca/PCX/20323436002_EA/en/1/20323436002_en_front_400.png","largeUrl":"https://digital.loblaws.ca/PCX/20323436002_EA/en/1/20323436002_en_front_800.png","extraLargeUrl":"https://digital.loblaws.ca/PCX/20323436002_EA/en/1/20323436002_en_front_1200.png","smallRetinaUrl":"https://digital.loblaws.ca/PCX/20323436002_EA/en/1/20323436002_en_front_1200.png","mediumRetinaUrl":"https://digital.loblaws.ca/PCX/20323436002_EA/en/1/20323436002_en_front_1200.png","largeRetinaUrl":"https://digital.loblaws.ca/PCX/20323436002_EA/en/1/20323436002_en_front_1200.png"}],"brand":"Kelloggs","title":"Eggo Waffles, Chocolatey Chip","description":"\u003cp\u003eGet a sweet start to your morning with Eggo® Chocolatey Chip waffles. They are crispy on the outside, fluffy in the inside and have a yummy chocolatey taste that is a delightful part of breakfast!\u003c/p\u003e\u003cul\u003e\u003cli\u003e200 cal per serving (2 waffles)\u003c/li\u003e\u003cli\u003eNo artificial flavours or colours\u003c/li\u003e\u003cli\u003eSource of 7 vitamins and minerals\u003c/li\u003e\u003cli\u003eCrispy on the outside, fluffy in the inside\u003c/li\u003e\u003c/ul\u003e","packageSizing":"280 g, $1.60/100g","pricing":{"price":"4.49","wasPrice":null,"displayPrice":"$4.49","memberOnlyPrice":null,"mopDisplayPrice":null,"ehfTotal":null,"environmentalHandlingFee":null,"taxInfo":""},"pricingUnits":{"type":"SOLD_BY_EACH","unit":"ea","interval":1,"minOrderQuantity":1,"maxOrderQuantity":24,"weighted":false},"deal":{"type":"MULTI","text":"$4.00 MIN 2","points":0,"name":"MULTI","expiryDate":null,"dealPrice":null},"mopDeal":null,"pcoDeal":null,"inventoryIndicator":null,"offerType":"OG","offerId":"OG","action":null,"isVariant":false,"link":"/en/eggo-waffles-chocolatey-chip/p/20323436002_EA","productVendor":null,"productVariant":null,"textBadge":"","variantTheme":null,"articleNumber":"20323436002","uom":"EA","sponsoredCreative":null,"isSponsored":false,"isComplementarySponsored":false,"complementarySponsoredBadgeText":null,"productBadge":null},{"index":19,"promotions":[],"productId":"21542380001_EA","productImage":[{"imageUrl":"https://digital.loblaws.ca/PCX/21542380001_EA/en/1/6476734395_enfr_front_centre_marketing_GS1_Ecommerce_1200.png","thumbnailUrl":"https://digital.loblaws.ca/PCX/21542380001_EA/en/1/6476734395_enfr_front_centre_marketing_GS1_Ecommerce_120.png","smallUrl":"https://digital.loblaws.ca/PCX/21542380001_EA/en/1/6476734395_enfr_front_centre_marketing_GS1_Ecommerce_250.png","mediumUrl":"https://digital.loblaws.ca/PCX/21542380001_EA/en/1/6476734395_enfr_front_centre_marketing_GS1_Ecommerce_400.png","largeUrl":"https://digital.loblaws.ca/PCX/21542380001_EA/en/1/6476734395_enfr_front_centre_marketing_GS1_Ecommerce_800.png","extraLargeUrl":"https://digital.loblaws.ca/PCX/21542380001_EA/en/1/6476734395_enfr_front_centre_marketing_GS1_Ecommerce_1200.png","smallRetinaUrl":"https://digital.loblaws.ca/PCX/21542380001_EA/en/1/6476734395_enfr_front_centre_marketing_GS1_Ecommerce_1200.png","mediumRetinaUrl":"https://digital.loblaws.ca/PCX/21542380001_EA/en/1/6476734395_enfr_front_centre_marketing_GS1_Ecommerce_1200.png","largeRetinaUrl":"https://digital.loblaws.ca/PCX/21542380001_EA/en/1/6476734395_enfr_front_centre_marketing_GS1_Ecommerce_1200.png"}],"brand":"Conestoga Eggs","title":"Brown Eggs Free Run Omega-3 Size: Large","description":"Enjoy the rich taste and natural benefits of Large Brown Eggs Free Run Omega-3 from Conestoga Eggs. They are perfect for making a delicious omelette at breakfast or baking a moist cake for dessert. These large eggs will add depth and flavour to any dish.","packageSizing":"18 ea, $0.58/1ea","pricing":{"price":"10.49","wasPrice":null,"displayPrice":"$10.49","memberOnlyPrice":null,"mopDisplayPrice":null,"ehfTotal":null,"environmentalHandlingFee":null,"taxInfo":""},"pricingUnits":{"type":"SOLD_BY_EACH","unit":"ea","interval":1,"minOrderQuantity":1,"maxOrderQuantity":24,"weighted":false},"deal":null,"mopDeal":null,"pcoDeal":null,"inventoryIndicator":null,"offerType":"OG","offerId":"OG","action":null,"isVariant":false,"link":"/en/brown-eggs-free-run-omega-3-size-large/p/21542380001_EA","productVendor":null,"productVariant":null,"textBadge":"","variantTheme":null,"articleNumber":"21542380001","uom":"EA","sponsoredCreative":null,"isSponsored":false,"isComplementarySponsored":false,"complementarySponsoredBadgeText":null,"productBadge":{"badgeId":"PREPARED_IN_CANADA","badgeClass":"badge11","text":"Prepared in Canada","icon":{"url":"https://dis-prod.assetful.loblaw.ca/content/dam/loblaw-companies-limited/creative-assets/pc-optimum/global-list/maple-leaf-red.png","altText":"","placement":"LEFT"}}},{"index":20,"promotions":[{"type":"DEAL","quantity":null,"savings":null,"value":null,"promoCode":"000002857991","expiryDate":"9999-12-31T00:00:00Z","title":null,"promoType":null,"pricingMethod":"3","text":"PC Optimum Points","reward":"$_FIXED","callToAction":{"text":"Shop Offer","url":"/shop-by-promo/000002857991"}}],"productId":"20323436005_EA","productImage":[{"imageUrl":"https://digital.loblaws.ca/PCX/20323436005_EA/en/1/20323436005_en_front_1200.png","thumbnailUrl":"https://digital.loblaws.ca/PCX/20323436005_EA/en/1/20323436005_en_front_120.png","smallUrl":"https://digital.loblaws.ca/PCX/20323436005_EA/en/1/20323436005_en_front_250.png","mediumUrl":"https://digital.loblaws.ca/PCX/20323436005_EA/en/1/20323436005_en_front_400.png","largeUrl":"https://digital.loblaws.ca/PCX/20323436005_EA/en/1/20323436005_en_front_800.png","extraLargeUrl":"https://digital.loblaws.ca/PCX/20323436005_EA/en/1/20323436005_en_front_1200.png","smallRetinaUrl":"https://digital.loblaws.ca/PCX/20323436005_EA/en/1/20323436005_en_front_1200.png","mediumRetinaUrl":"https://digital.loblaws.ca/PCX/20323436005_EA/en/1/20323436005_en_front_1200.png","largeRetinaUrl":"https://digital.loblaws.ca/PCX/20323436005_EA/en/1/20323436005_en_front_1200.png"}],"brand":"Kelloggs","title":"Eggo Cinnamon Toast Waffles, 8 waffles","description":"Eggo Cinnamon Toast waffles have a delicious cinnamon flavor - making them a wonderful way to wake up!","packageSizing":"280 g, $1.60/100g","pricing":{"price":"4.49","wasPrice":null,"displayPrice":"$4.49","memberOnlyPrice":null,"mopDisplayPrice":null,"ehfTotal":null,"environmentalHandlingFee":null,"taxInfo":""},"pricingUnits":{"type":"SOLD_BY_EACH","unit":"ea","interval":1,"minOrderQuantity":1,"maxOrderQuantity":24,"weighted":false},"deal":{"type":"MULTI","text":"$4.00 MIN 2","points":0,"name":"MULTI","expiryDate":null,"dealPrice":null},"mopDeal":null,"pcoDeal":null,"inventoryIndicator":null,"offerType":"OG","offerId":"OG","action":null,"isVariant":false,"link":"/en/eggo-cinnamon-toast-waffles-8-waffles/p/20323436005_EA","productVendor":null,"productVariant":null,"textBadge":"","variantTheme":null,"articleNumber":"20323436005","uom":"EA","sponsoredCreative":null,"isSponsored":false,"isComplementarySponsored":false,"complementarySponsoredBadgeText":null,"productBadge":null},{"index":21,"promotions":[],"productId":"20814983001_EA","productImage":[{"imageUrl":"https://digital.loblaws.ca/PCX/20814983001_EA/en/1/6565100022_enfr_front_centre_marketing_GS1_Ecommerce_1200.png","thumbnailUrl":"https://digital.loblaws.ca/PCX/20814983001_EA/en/1/6565100022_enfr_front_centre_marketing_GS1_Ecommerce_120.png","smallUrl":"https://digital.loblaws.ca/PCX/20814983001_EA/en/1/6565100022_enfr_front_centre_marketing_GS1_Ecommerce_250.png","mediumUrl":"https://digital.loblaws.ca/PCX/20814983001_EA/en/1/6565100022_enfr_front_centre_marketing_GS1_Ecommerce_400.png","largeUrl":"https://digital.loblaws.ca/PCX/20814983001_EA/en/1/6565100022_enfr_front_centre_marketing_GS1_Ecommerce_800.png","extraLargeUrl":"https://digital.loblaws.ca/PCX/20814983001_EA/en/1/6565100022_enfr_front_centre_marketing_GS1_Ecommerce_1200.png","smallRetinaUrl":"https://digital.loblaws.ca/PCX/20814983001_EA/en/1/6565100022_enfr_front_centre_marketing_GS1_Ecommerce_1200.png","mediumRetinaUrl":"https://digital.loblaws.ca/PCX/20814983001_EA/en/1/6565100022_enfr_front_centre_marketing_GS1_Ecommerce_1200.png","largeRetinaUrl":"https://digital.loblaws.ca/PCX/20814983001_EA/en/1/6565100022_enfr_front_centre_marketing_GS1_Ecommerce_1200.png"}],"brand":"Burnbrae Farms","title":"Nature's Best White Eggs, Large","description":"Eggs range in size (extra-large, large, medium, etc.) and their shells are either white or brown, depending on the breed of the hen. Crack the thin, protective shell against the edge of a bowl (with one hand, if you want to impress your friends) and use the yolk and egg white inside for your favourite breakfast recipes and desserts.","packageSizing":"12 ea, $0.42/1ea","pricing":{"price":"5.00","wasPrice":"$6.15","displayPrice":"$5.00","memberOnlyPrice":null,"mopDisplayPrice":null,"ehfTotal":null,"environmentalHandlingFee":null,"taxInfo":""},"pricingUnits":{"type":"SOLD_BY_EACH","unit":"ea","interval":1,"minOrderQuantity":1,"maxOrderQuantity":24,"weighted":false},"deal":{"type":"SALE","text":"SAVE $1.15","points":0,"name":"SALE","expiryDate":"2025-10-15T00:00:00Z","dealPrice":null},"mopDeal":null,"pcoDeal":null,"inventoryIndicator":null,"offerType":"OG","offerId":"OG","action":null,"isVariant":false,"link":"/en/nature-s-best-white-eggs-large/p/20814983001_EA","productVendor":null,"productVariant":null,"textBadge":"","variantTheme":null,"articleNumber":"20814983001","uom":"EA","sponsoredCreative":null,"isSponsored":false,"isComplementarySponsored":false,"complementarySponsoredBadgeText":null,"productBadge":{"badgeId":"PREPARED_IN_CANADA","badgeClass":"badge11","text":"Prepared in Canada","icon":{"url":"https://dis-prod.assetful.loblaw.ca/content/dam/loblaw-companies-limited/creative-assets/pc-optimum/global-list/maple-leaf-red.png","altText":"","placement":"LEFT"}}},{"index":22,"promotions":[],"productId":"20815563001_EA","productImage":[{"imageUrl":"https://digital.loblaws.ca/PCX/20815563001_EA/en/1/20815563001_en_front_1200.png","thumbnailUrl":"https://digital.loblaws.ca/PCX/20815563001_EA/en/1/20815563001_en_front_120.png","smallUrl":"https://digital.loblaws.ca/PCX/20815563001_EA/en/1/20815563001_en_front_250.png","mediumUrl":"https://digital.loblaws.ca/PCX/20815563001_EA/en/1/20815563001_en_front_400.png","largeUrl":"https://digital.loblaws.ca/PCX/20815563001_EA/en/1/20815563001_en_front_800.png","extraLargeUrl":"https://digital.loblaws.ca/PCX/20815563001_EA/en/1/20815563001_en_front_1200.png","smallRetinaUrl":"https://digital.loblaws.ca/PCX/20815563001_EA/en/1/20815563001_en_front_1200.png","mediumRetinaUrl":"https://digital.loblaws.ca/PCX/20815563001_EA/en/1/20815563001_en_front_1200.png","largeRetinaUrl":"https://digital.loblaws.ca/PCX/20815563001_EA/en/1/20815563001_en_front_1200.png"}],"brand":"Burnbrae Farms","title":"Naturegg Omega 3 White Eggs, Large","description":"Omega-3 eggs are produced from hens that have been fed a flax-based diet. They provide an additional source of omega-3 fatty acids and can be used in the same ways as regular eggs. Crack the thin, protective shell against the edge of a bowl (with one hand, if you want to impress your friends) and use the yolk and egg white inside for your favourite breakfast recipes and desserts.","packageSizing":"12 ea, $0.56/1ea","pricing":{"price":"6.75","wasPrice":null,"displayPrice":"$6.75","memberOnlyPrice":null,"mopDisplayPrice":null,"ehfTotal":null,"environmentalHandlingFee":null,"taxInfo":""},"pricingUnits":{"type":"SOLD_BY_EACH","unit":"ea","interval":1,"minOrderQuantity":1,"maxOrderQuantity":24,"weighted":false},"deal":null,"mopDeal":null,"pcoDeal":null,"inventoryIndicator":null,"offerType":"OG","offerId":"OG","action":null,"isVariant":false,"link":"/en/naturegg-omega-3-white-eggs-large/p/20815563001_EA","productVendor":null,"productVariant":null,"textBadge":"","variantTheme":null,"articleNumber":"20815563001","uom":"EA","sponsoredCreative":null,"isSponsored":false,"isComplementarySponsored":false,"complementarySponsoredBadgeText":null,"productBadge":{"badgeId":"PREPARED_IN_CANADA","badgeClass":"badge11","text":"Prepared in Canada","icon":{"url":"https://dis-prod.assetful.loblaw.ca/content/dam/loblaw-companies-limited/creative-assets/pc-optimum/global-list/maple-leaf-red.png","altText":"","placement":"LEFT"}}},{"index":23,"promotions":[],"productId":"20099730001_EA","productImage":[{"imageUrl":"https://digital.loblaws.ca/PCX/20099730001_EA/en/1/20099730001_en_front_1200.png","thumbnailUrl":"https://digital.loblaws.ca/PCX/20099730001_EA/en/1/20099730001_en_front_120.png","smallUrl":"https://digital.loblaws.ca/PCX/20099730001_EA/en/1/20099730001_en_front_250.png","mediumUrl":"https://digital.loblaws.ca/PCX/20099730001_EA/en/1/20099730001_en_front_400.png","largeUrl":"https://digital.loblaws.ca/PCX/20099730001_EA/en/1/20099730001_en_front_800.png","extraLargeUrl":"https://digital.loblaws.ca/PCX/20099730001_EA/en/1/20099730001_en_front_1200.png","smallRetinaUrl":"https://digital.loblaws.ca/PCX/20099730001_EA/en/1/20099730001_en_front_1200.png","mediumRetinaUrl":"https://digital.loblaws.ca/PCX/20099730001_EA/en/1/20099730001_en_front_1200.png","largeRetinaUrl":"https://digital.loblaws.ca/PCX/20099730001_EA/en/1/20099730001_en_front_1200.png"}],"brand":"Kelloggs","title":"Eggo Waffles Blueberry Flavour","description":"Cure the morning blues with Eggo Blueberry waffles. They have a light, crispy texture and the perfect amount of blueberry flavor to give every day a berry-good start!","packageSizing":"560 g, $0.89/100g","pricing":{"price":"5.00","wasPrice":"$7.99","displayPrice":"$5.00","memberOnlyPrice":null,"mopDisplayPrice":null,"ehfTotal":null,"environmentalHandlingFee":null,"taxInfo":""},"pricingUnits":{"type":"SOLD_BY_EACH","unit":"ea","interval":1,"minOrderQuantity":1,"maxOrderQuantity":24,"weighted":false},"deal":{"type":"SALE","text":"SAVE $2.99","points":0,"name":"SALE","expiryDate":"2025-10-15T00:00:00Z","dealPrice":null},"mopDeal":null,"pcoDeal":null,"inventoryIndicator":null,"offerType":"OG","offerId":"OG","action":null,"isVariant":false,"link":"/en/eggo-waffles-blueberry-flavour/p/20099730001_EA","productVendor":null,"productVariant":null,"textBadge":"","variantTheme":null,"articleNumber":"20099730001","uom":"EA","sponsoredCreative":null,"isSponsored":false,"isComplementarySponsored":false,"complementarySponsoredBadgeText":null,"productBadge":null},{"index":24,"promotions":[],"productId":"20992723001_EA","productImage":[{"imageUrl":"https://digital.loblaws.ca/PCX/20992723001_EA/en/1/20992723001_en_front_1200.png","thumbnailUrl":"https://digital.loblaws.ca/PCX/20992723001_EA/en/1/20992723001_en_front_120.png","smallUrl":"https://digital.loblaws.ca/PCX/20992723001_EA/en/1/20992723001_en_front_250.png","mediumUrl":"https://digital.loblaws.ca/PCX/20992723001_EA/en/1/20992723001_en_front_400.png","largeUrl":"https://digital.loblaws.ca/PCX/20992723001_EA/en/1/20992723001_en_front_800.png","extraLargeUrl":"https://digital.loblaws.ca/PCX/20992723001_EA/en/1/20992723001_en_front_1200.png","smallRetinaUrl":"https://digital.loblaws.ca/PCX/20992723001_EA/en/1/20992723001_en_front_1200.png","mediumRetinaUrl":"https://digital.loblaws.ca/PCX/20992723001_EA/en/1/20992723001_en_front_1200.png","largeRetinaUrl":"https://digital.loblaws.ca/PCX/20992723001_EA/en/1/20992723001_en_front_1200.png"}],"brand":"PC Blue Menu","title":"Blue Menu Free Run Large White Eggs 12 Pack","description":"\u003cp\u003eBlue Menu Free Run Large White Eggs 12 Pack come from hens that live in an open-concept barn environment. They're an excellent source of Omega-3 polyunsaturates and vitamins E and B12.\u003c/p\u003e\u003cp\u003e\u003cbr\u003e\u003c/p\u003e\u003cp\u003e✓ Did you know…all PC® eggs are consciously sourced from farms using 100% cage-free spaces.\u003c/p\u003e","packageSizing":"12 ea, $0.62/1ea","pricing":{"price":"7.49","wasPrice":null,"displayPrice":"$7.49","memberOnlyPrice":null,"mopDisplayPrice":null,"ehfTotal":null,"environmentalHandlingFee":null,"taxInfo":""},"pricingUnits":{"type":"SOLD_BY_EACH","unit":"ea","interval":1,"minOrderQuantity":1,"maxOrderQuantity":24,"weighted":false},"deal":null,"mopDeal":null,"pcoDeal":null,"inventoryIndicator":null,"offerType":"OG","offerId":"OG","action":null,"isVariant":false,"link":"/en/blue-menu-free-run-large-white-eggs-12-pack/p/20992723001_EA","productVendor":null,"productVariant":null,"textBadge":"","variantTheme":null,"articleNumber":"20992723001","uom":"EA","sponsoredCreative":null,"isSponsored":false,"isComplementarySponsored":false,"complementarySponsoredBadgeText":null,"productBadge":{"badgeId":"PREPARED_IN_CANADA","badgeClass":"badge11","text":"Prepared in Canada","icon":{"url":"https://dis-prod.assetful.loblaw.ca/content/dam/loblaw-companies-limited/creative-assets/pc-optimum/global-list/maple-leaf-red.png","altText":"","placement":"LEFT"}}},{"index":25,"promotions":[],"productId":"20099730002_EA","productImage":[{"imageUrl":"https://digital.loblaws.ca/PCX/20099730002_EA/en/1/20099730002_en_front_v1_1200.png","thumbnailUrl":"https://digital.loblaws.ca/PCX/20099730002_EA/en/1/20099730002_en_front_v1_120.png","smallUrl":"https://digital.loblaws.ca/PCX/20099730002_EA/en/1/20099730002_en_front_v1_250.png","mediumUrl":"https://digital.loblaws.ca/PCX/20099730002_EA/en/1/20099730002_en_front_v1_400.png","largeUrl":"https://digital.loblaws.ca/PCX/20099730002_EA/en/1/20099730002_en_front_v1_800.png","extraLargeUrl":"https://digital.loblaws.ca/PCX/20099730002_EA/en/1/20099730002_en_front_v1_1200.png","smallRetinaUrl":"https://digital.loblaws.ca/PCX/20099730002_EA/en/1/20099730002_en_front_v1_1200.png","mediumRetinaUrl":"https://digital.loblaws.ca/PCX/20099730002_EA/en/1/20099730002_en_front_v1_1200.png","largeRetinaUrl":"https://digital.loblaws.ca/PCX/20099730002_EA/en/1/20099730002_en_front_v1_1200.png"}],"brand":"Kelloggs","title":"Eggo Waffles Chocolatey Chip","description":"Get a sweet start to your morning with Eggo Chocolatey Chip waffles. They have a light, crispy texture and a yummy chocolatey taste that makes eating breakfast a real delight!","packageSizing":"560 g, $0.89/100g","pricing":{"price":"5.00","wasPrice":"$7.99","displayPrice":"$5.00","memberOnlyPrice":null,"mopDisplayPrice":null,"ehfTotal":null,"environmentalHandlingFee":null,"taxInfo":""},"pricingUnits":{"type":"SOLD_BY_EACH","unit":"ea","interval":1,"minOrderQuantity":1,"maxOrderQuantity":24,"weighted":false},"deal":{"type":"SALE","text":"SAVE $2.99","points":0,"name":"SALE","expiryDate":"2025-10-15T00:00:00Z","dealPrice":null},"mopDeal":null,"pcoDeal":null,"inventoryIndicator":null,"offerType":"OG","offerId":"OG","action":null,"isVariant":false,"link":"/en/eggo-waffles-chocolatey-chip/p/20099730002_EA","productVendor":null,"productVariant":null,"textBadge":"","variantTheme":null,"articleNumber":"20099730002","uom":"EA","sponsoredCreative":null,"isSponsored":false,"isComplementarySponsored":false,"complementarySponsoredBadgeText":null,"productBadge":null},{"index":26,"promotions":[],"productId":"20296503001_EA","productImage":[{"imageUrl":"https://digital.loblaws.ca/PCX/20296503001_EA/en/1/20296503001_en_front_1200.png","thumbnailUrl":"https://digital.loblaws.ca/PCX/20296503001_EA/en/1/20296503001_en_front_120.png","smallUrl":"https://digital.loblaws.ca/PCX/20296503001_EA/en/1/20296503001_en_front_250.png","mediumUrl":"https://digital.loblaws.ca/PCX/20296503001_EA/en/1/20296503001_en_front_400.png","largeUrl":"https://digital.loblaws.ca/PCX/20296503001_EA/en/1/20296503001_en_front_800.png","extraLargeUrl":"https://digital.loblaws.ca/PCX/20296503001_EA/en/1/20296503001_en_front_1200.png","smallRetinaUrl":"https://digital.loblaws.ca/PCX/20296503001_EA/en/1/20296503001_en_front_1200.png","mediumRetinaUrl":"https://digital.loblaws.ca/PCX/20296503001_EA/en/1/20296503001_en_front_1200.png","largeRetinaUrl":"https://digital.loblaws.ca/PCX/20296503001_EA/en/1/20296503001_en_front_1200.png"}],"brand":"Kelloggs","title":"Eggo Original Waffles, 48 waffles","description":"\u003cp\u003eOur classic Eggo® waffle. Crispy on the outside, fluffy in the inside, so delicious you can't just L'Eggo! The taste of homemade without all of the work. Enjoy the crispy, convenient family favourite.\u003c/p\u003e\u003cul\u003e\u003cli\u003e180 cal per serving (2 waffles)\u003c/li\u003e\u003cli\u003eNo artificial flavours or colours\u003c/li\u003e\u003cli\u003eLow in sugar\u003c/li\u003e\u003cli\u003eSource of 7 vitamins and minerals\u003c/li\u003e\u003cli\u003eCrispy on the outside, fluffy in the inside\u003c/li\u003e\u003c/ul\u003e","packageSizing":"1.68 kg, $1.01/100g","pricing":{"price":"16.99","wasPrice":null,"displayPrice":"$16.99","memberOnlyPrice":null,"mopDisplayPrice":null,"ehfTotal":null,"environmentalHandlingFee":null,"taxInfo":""},"pricingUnits":{"type":"SOLD_BY_EACH","unit":"ea","interval":1,"minOrderQuantity":1,"maxOrderQuantity":24,"weighted":false},"deal":null,"mopDeal":null,"pcoDeal":null,"inventoryIndicator":null,"offerType":"OG","offerId":"OG","action":null,"isVariant":false,"link":"/en/eggo-original-waffles-48-waffles/p/20296503001_EA","productVendor":null,"productVariant":null,"textBadge":"","variantTheme":null,"articleNumber":"20296503001","uom":"EA","sponsoredCreative":null,"isSponsored":false,"isComplementarySponsored":false,"complementarySponsoredBadgeText":null,"productBadge":null},{"index":27,"promotions":[{"type":"DEAL","quantity":null,"savings":null,"value":null,"promoCode":"000002857991","expiryDate":"9999-12-31T00:00:00Z","title":null,"promoType":null,"pricingMethod":"3","text":"PC Optimum Points","reward":"$_FIXED","callToAction":{"text":"Shop Offer","url":"/shop-by-promo/000002857991"}}],"productId":"20323436004_EA","productImage":[{"imageUrl":"https://digital.loblaws.ca/PCX/20323436004_EA/en/1/20323436004_en_front_1200.png","thumbnailUrl":"https://digital.loblaws.ca/PCX/20323436004_EA/en/1/20323436004_en_front_120.png","smallUrl":"https://digital.loblaws.ca/PCX/20323436004_EA/en/1/20323436004_en_front_250.png","mediumUrl":"https://digital.loblaws.ca/PCX/20323436004_EA/en/1/20323436004_en_front_400.png","largeUrl":"https://digital.loblaws.ca/PCX/20323436004_EA/en/1/20323436004_en_front_800.png","extraLargeUrl":"https://digital.loblaws.ca/PCX/20323436004_EA/en/1/20323436004_en_front_1200.png","smallRetinaUrl":"https://digital.loblaws.ca/PCX/20323436004_EA/en/1/20323436004_en_front_1200.png","mediumRetinaUrl":"https://digital.loblaws.ca/PCX/20323436004_EA/en/1/20323436004_en_front_1200.png","largeRetinaUrl":"https://digital.loblaws.ca/PCX/20323436004_EA/en/1/20323436004_en_front_1200.png"}],"brand":"Kelloggs","title":"Eggo Waffles Buttermilk","description":"Wake up with this tasty family favorite. Eggo Buttermilk waffles have a light, crispy texture and a delicious buttermilk taste, that everyone's sure to love!","packageSizing":"280 g, $1.60/100g","pricing":{"price":"4.49","wasPrice":null,"displayPrice":"$4.49","memberOnlyPrice":null,"mopDisplayPrice":null,"ehfTotal":null,"environmentalHandlingFee":null,"taxInfo":""},"pricingUnits":{"type":"SOLD_BY_EACH","unit":"ea","interval":1,"minOrderQuantity":1,"maxOrderQuantity":24,"weighted":false},"deal":{"type":"MULTI","text":"$4.00 MIN 2","points":0,"name":"MULTI","expiryDate":null,"dealPrice":null},"mopDeal":null,"pcoDeal":null,"inventoryIndicator":null,"offerType":"OG","offerId":"OG","action":null,"isVariant":false,"link":"/en/eggo-waffles-buttermilk/p/20323436004_EA","productVendor":null,"productVariant":null,"textBadge":"","variantTheme":null,"articleNumber":"20323436004","uom":"EA","sponsoredCreative":null,"isSponsored":false,"isComplementarySponsored":false,"complementarySponsoredBadgeText":null,"productBadge":null},{"index":28,"promotions":[],"productId":"21639330_EA","productImage":[{"imageUrl":"https://digital.loblaws.ca/PCX/21639330_EA/en/1/21639330_en_front_1200.png","thumbnailUrl":"https://digital.loblaws.ca/PCX/21639330_EA/en/1/21639330_en_front_120.png","smallUrl":"https://digital.loblaws.ca/PCX/21639330_EA/en/1/21639330_en_front_250.png","mediumUrl":"https://digital.loblaws.ca/PCX/21639330_EA/en/1/21639330_en_front_400.png","largeUrl":"https://digital.loblaws.ca/PCX/21639330_EA/en/1/21639330_en_front_800.png","extraLargeUrl":"https://digital.loblaws.ca/PCX/21639330_EA/en/1/21639330_en_front_1200.png","smallRetinaUrl":"https://digital.loblaws.ca/PCX/21639330_EA/en/1/21639330_en_front_1200.png","mediumRetinaUrl":"https://digital.loblaws.ca/PCX/21639330_EA/en/1/21639330_en_front_1200.png","largeRetinaUrl":"https://digital.loblaws.ca/PCX/21639330_EA/en/1/21639330_en_front_1200.png"}],"brand":"Kelloggs","title":"Eggo Protein Waffles Chocolate Chip Brownie","description":"\u003cp\u003eHelp fuel your morning with Eggo Protein Chocolate Chip Brownie Waffles. These waffles are full of decadent fudge brownie flavourand 10 G of protein per 70 g serving. Enjoy them right out of the toaster, or load them up with nut butter, fresh fruit, or your favourite toppings of choice. Whether it’s for a nourishing breakfast or a quick snack, these high protein chocolate chip brownie waffles are sure to satisfy.\u003c/p\u003e\u003cul\u003e\u003cli\u003eHigh Protein 10g per 70 g Serving (2 waffles)\u003c/li\u003e\u003cli\u003eNo Artificial Flavours or Colours\u003c/li\u003e\u003cli\u003eSource of 8 vitamins and minerals\u003c/li\u003e\u003cli\u003enew\u003c/li\u003e\u003c/ul\u003e","packageSizing":"280 g, $1.79/100g","pricing":{"price":"5.00","wasPrice":"$7.99","displayPrice":"$5.00","memberOnlyPrice":null,"mopDisplayPrice":null,"ehfTotal":null,"environmentalHandlingFee":null,"taxInfo":""},"pricingUnits":{"type":"SOLD_BY_EACH","unit":"ea","interval":1,"minOrderQuantity":1,"maxOrderQuantity":24,"weighted":false},"deal":{"type":"SALE","text":"SAVE $2.99","points":0,"name":"SALE","expiryDate":"2025-10-15T00:00:00Z","dealPrice":null},"mopDeal":null,"pcoDeal":null,"inventoryIndicator":null,"offerType":"OG","offerId":"OG","action":null,"isVariant":false,"link":"/en/eggo-protein-waffles-chocolate-chip-brownie/p/21639330_EA","productVendor":null,"productVariant":null,"textBadge":"","variantTheme":null,"articleNumber":"21639330","uom":"EA","sponsoredCreative":null,"isSponsored":false,"isComplementarySponsored":false,"complementarySponsoredBadgeText":null,"productBadge":null},{"index":29,"promotions":[],"productId":"20821364001_EA","productImage":[{"imageUrl":"https://digital.loblaws.ca/PCX/20821364001_EA/en/1/6038306322_en_front_centre_marketing_GS1_Ecommerce_1200.png","thumbnailUrl":"https://digital.loblaws.ca/PCX/20821364001_EA/en/1/6038306322_en_front_centre_marketing_GS1_Ecommerce_120.png","smallUrl":"https://digital.loblaws.ca/PCX/20821364001_EA/en/1/6038306322_en_front_centre_marketing_GS1_Ecommerce_250.png","mediumUrl":"https://digital.loblaws.ca/PCX/20821364001_EA/en/1/6038306322_en_front_centre_marketing_GS1_Ecommerce_400.png","largeUrl":"https://digital.loblaws.ca/PCX/20821364001_EA/en/1/6038306322_en_front_centre_marketing_GS1_Ecommerce_800.png","extraLargeUrl":"https://digital.loblaws.ca/PCX/20821364001_EA/en/1/6038306322_en_front_centre_marketing_GS1_Ecommerce_1200.png","smallRetinaUrl":"https://digital.loblaws.ca/PCX/20821364001_EA/en/1/6038306322_en_front_centre_marketing_GS1_Ecommerce_1200.png","mediumRetinaUrl":"https://digital.loblaws.ca/PCX/20821364001_EA/en/1/6038306322_en_front_centre_marketing_GS1_Ecommerce_1200.png","largeRetinaUrl":"https://digital.loblaws.ca/PCX/20821364001_EA/en/1/6038306322_en_front_centre_marketing_GS1_Ecommerce_1200.png"}],"brand":"PC Blue Menu","title":"Egg Whites","description":"Imagine how many dishes would be easier if you had egg whites at the ready! And since egg whites are a fat-free and cholesterol-free solution for baked goods, omelettes and more, you may even be inspired to create more often. A handy 1 kg carton of our PC Blue Menu Liquid Egg Whites is equivalent to 27 egg whites without the mess of cracking. They’re pasteurized, so they can be added to smoothies, and each 1/4 cup (63 g) serving contains 7 g of protein.","packageSizing":"1 kg, $1.08/100g","pricing":{"price":"10.78","wasPrice":null,"displayPrice":"$10.78","memberOnlyPrice":null,"mopDisplayPrice":null,"ehfTotal":null,"environmentalHandlingFee":null,"taxInfo":""},"pricingUnits":{"type":"SOLD_BY_EACH","unit":"ea","interval":1,"minOrderQuantity":1,"maxOrderQuantity":24,"weighted":false},"deal":null,"mopDeal":null,"pcoDeal":null,"inventoryIndicator":null,"offerType":"OG","offerId":"OG","action":null,"isVariant":false,"link":"/en/egg-whites/p/20821364001_EA","productVendor":null,"productVariant":null,"textBadge":"","variantTheme":null,"articleNumber":"20821364001","uom":"EA","sponsoredCreative":null,"isSponsored":false,"isComplementarySponsored":false,"complementarySponsoredBadgeText":null,"productBadge":{"badgeId":"PREPARED_IN_CANADA","badgeClass":"badge11","text":"Prepared in Canada","icon":{"url":"https://dis-prod.assetful.loblaw.ca/content/dam/loblaw-companies-limited/creative-assets/pc-optimum/global-list/maple-leaf-red.png","altText":"","placement":"LEFT"}}},{"index":30,"promotions":[],"productId":"21511747_EA","productImage":[{"imageUrl":"https://digital.loblaws.ca/PCX/21511747_EA/en/1/6410014192_en_front_centre_marketing_GS1_Ecommerce_1200.png","thumbnailUrl":"https://digital.loblaws.ca/PCX/21511747_EA/en/1/6410014192_en_front_centre_marketing_GS1_Ecommerce_120.png","smallUrl":"https://digital.loblaws.ca/PCX/21511747_EA/en/1/6410014192_en_front_centre_marketing_GS1_Ecommerce_250.png","mediumUrl":"https://digital.loblaws.ca/PCX/21511747_EA/en/1/6410014192_en_front_centre_marketing_GS1_Ecommerce_400.png","largeUrl":"https://digital.loblaws.ca/PCX/21511747_EA/en/1/6410014192_en_front_centre_marketing_GS1_Ecommerce_800.png","extraLargeUrl":"https://digital.loblaws.ca/PCX/21511747_EA/en/1/6410014192_en_front_centre_marketing_GS1_Ecommerce_1200.png","smallRetinaUrl":"https://digital.loblaws.ca/PCX/21511747_EA/en/1/6410014192_en_front_centre_marketing_GS1_Ecommerce_1200.png","mediumRetinaUrl":"https://digital.loblaws.ca/PCX/21511747_EA/en/1/6410014192_en_front_centre_marketing_GS1_Ecommerce_1200.png","largeRetinaUrl":"https://digital.loblaws.ca/PCX/21511747_EA/en/1/6410014192_en_front_centre_marketing_GS1_Ecommerce_1200.png"}],"brand":"Kelloggs","title":"Eggo Thick \u0026 Fluffy Waffles Original","description":"Enjoy warm, Belgian-style waffles at home with Eggo® Thick \u0026 Fluffy Waffles. They have the classic Eggo® flavour you love, with deep pockets to fill with all of your favourite toppings. Add your favourite topping. With a delightfully fluffy and light texture, it's a great way to warm up your morning.","packageSizing":"330 g, $1.36/100g","pricing":{"price":"4.49","wasPrice":null,"displayPrice":"$4.49","memberOnlyPrice":null,"mopDisplayPrice":null,"ehfTotal":null,"environmentalHandlingFee":null,"taxInfo":""},"pricingUnits":{"type":"SOLD_BY_EACH","unit":"ea","interval":1,"minOrderQuantity":1,"maxOrderQuantity":24,"weighted":false},"deal":null,"mopDeal":null,"pcoDeal":null,"inventoryIndicator":null,"offerType":"OG","offerId":"OG","action":null,"isVariant":false,"link":"/en/eggo-thick-fluffy-waffles-original/p/21511747_EA","productVendor":null,"productVariant":null,"textBadge":"","variantTheme":null,"articleNumber":"21511747","uom":"EA","sponsoredCreative":null,"isSponsored":false,"isComplementarySponsored":false,"complementarySponsoredBadgeText":null,"productBadge":null},{"index":31,"promotions":[],"productId":"21639327_EA","productImage":[{"imageUrl":"https://digital.loblaws.ca/PCX/21639327_EA/en/1/21639327_en_front_1200.png","thumbnailUrl":"https://digital.loblaws.ca/PCX/21639327_EA/en/1/21639327_en_front_120.png","smallUrl":"https://digital.loblaws.ca/PCX/21639327_EA/en/1/21639327_en_front_250.png","mediumUrl":"https://digital.loblaws.ca/PCX/21639327_EA/en/1/21639327_en_front_400.png","largeUrl":"https://digital.loblaws.ca/PCX/21639327_EA/en/1/21639327_en_front_800.png","extraLargeUrl":"https://digital.loblaws.ca/PCX/21639327_EA/en/1/21639327_en_front_1200.png","smallRetinaUrl":"https://digital.loblaws.ca/PCX/21639327_EA/en/1/21639327_en_front_1200.png","mediumRetinaUrl":"https://digital.loblaws.ca/PCX/21639327_EA/en/1/21639327_en_front_1200.png","largeRetinaUrl":"https://digital.loblaws.ca/PCX/21639327_EA/en/1/21639327_en_front_1200.png"}],"brand":"Kelloggs","title":"Eggo Protein Waffles Strawberry Blast Flavour","description":null,"packageSizing":"280 g, $1.79/100g","pricing":{"price":"5.00","wasPrice":"$7.99","displayPrice":"$5.00","memberOnlyPrice":null,"mopDisplayPrice":null,"ehfTotal":null,"environmentalHandlingFee":null,"taxInfo":""},"pricingUnits":{"type":"SOLD_BY_EACH","unit":"ea","interval":1,"minOrderQuantity":1,"maxOrderQuantity":24,"weighted":false},"deal":{"type":"SALE","text":"SAVE $2.99","points":0,"name":"SALE","expiryDate":"2025-10-15T00:00:00Z","dealPrice":null},"mopDeal":null,"pcoDeal":null,"inventoryIndicator":null,"offerType":"OG","offerId":"OG","action":null,"isVariant":false,"link":"/en/eggo-protein-waffles-strawberry-blast-flavour/p/21639327_EA","productVendor":null,"productVariant":null,"textBadge":"","variantTheme":null,"articleNumber":"21639327","uom":"EA","sponsoredCreative":null,"isSponsored":false,"isComplementarySponsored":false,"complementarySponsoredBadgeText":null,"productBadge":null},{"index":32,"promotions":[],"productId":"21509951_EA","productImage":[{"imageUrl":"https://digital.loblaws.ca/PCX/21509951_EA/en/1/6410014194_en_front_centre_marketing_GS1_Ecommerce_1200.png","thumbnailUrl":"https://digital.loblaws.ca/PCX/21509951_EA/en/1/6410014194_en_front_centre_marketing_GS1_Ecommerce_120.png","smallUrl":"https://digital.loblaws.ca/PCX/21509951_EA/en/1/6410014194_en_front_centre_marketing_GS1_Ecommerce_250.png","mediumUrl":"https://digital.loblaws.ca/PCX/21509951_EA/en/1/6410014194_en_front_centre_marketing_GS1_Ecommerce_400.png","largeUrl":"https://digital.loblaws.ca/PCX/21509951_EA/en/1/6410014194_en_front_centre_marketing_GS1_Ecommerce_800.png","extraLargeUrl":"https://digital.loblaws.ca/PCX/21509951_EA/en/1/6410014194_en_front_centre_marketing_GS1_Ecommerce_1200.png","smallRetinaUrl":"https://digital.loblaws.ca/PCX/21509951_EA/en/1/6410014194_en_front_centre_marketing_GS1_Ecommerce_1200.png","mediumRetinaUrl":"https://digital.loblaws.ca/PCX/21509951_EA/en/1/6410014194_en_front_centre_marketing_GS1_Ecommerce_1200.png","largeRetinaUrl":"https://digital.loblaws.ca/PCX/21509951_EA/en/1/6410014194_en_front_centre_marketing_GS1_Ecommerce_1200.png"}],"brand":"Kelloggs","title":"Eggo Thick \u0026 Fluffy Waffles Cinnamon Brown Sugar","description":"Start your day on a sweet note with Eggo® Cinnamon Brown Sugar Thick \u0026 Fluffy Waffles. These delicious Belgian-style waffles have a warm cinnamon flavour and a touch of brown sugar. They’re the perfect toast and go snack.","packageSizing":"330 g, $1.36/100g","pricing":{"price":"4.49","wasPrice":null,"displayPrice":"$4.49","memberOnlyPrice":null,"mopDisplayPrice":null,"ehfTotal":null,"environmentalHandlingFee":null,"taxInfo":""},"pricingUnits":{"type":"SOLD_BY_EACH","unit":"ea","interval":1,"minOrderQuantity":1,"maxOrderQuantity":24,"weighted":false},"deal":null,"mopDeal":null,"pcoDeal":null,"inventoryIndicator":null,"offerType":"OG","offerId":"OG","action":null,"isVariant":false,"link":"/en/eggo-thick-fluffy-waffles-cinnamon-brown-sugar/p/21509951_EA","productVendor":null,"productVariant":null,"textBadge":"","variantTheme":null,"articleNumber":"21509951","uom":"EA","sponsoredCreative":null,"isSponsored":false,"isComplementarySponsored":false,"complementarySponsoredBadgeText":null,"productBadge":null},{"index":33,"promotions":[{"type":"DEAL","quantity":null,"savings":null,"value":null,"promoCode":"000002857991","expiryDate":"9999-12-31T00:00:00Z","title":null,"promoType":null,"pricingMethod":"3","text":"PC Optimum Points","reward":"$_FIXED","callToAction":{"text":"Shop Offer","url":"/shop-by-promo/000002857991"}}],"productId":"21512740_EA","productImage":[{"imageUrl":"https://digital.loblaws.ca/PCX/21512740_EA/en/1/21512740_enfr_front_1200.png","thumbnailUrl":"https://digital.loblaws.ca/PCX/21512740_EA/en/1/21512740_enfr_front_120.png","smallUrl":"https://digital.loblaws.ca/PCX/21512740_EA/en/1/21512740_enfr_front_250.png","mediumUrl":"https://digital.loblaws.ca/PCX/21512740_EA/en/1/21512740_enfr_front_400.png","largeUrl":"https://digital.loblaws.ca/PCX/21512740_EA/en/1/21512740_enfr_front_800.png","extraLargeUrl":"https://digital.loblaws.ca/PCX/21512740_EA/en/1/21512740_enfr_front_1200.png","smallRetinaUrl":"https://digital.loblaws.ca/PCX/21512740_EA/en/1/21512740_enfr_front_1200.png","mediumRetinaUrl":"https://digital.loblaws.ca/PCX/21512740_EA/en/1/21512740_enfr_front_1200.png","largeRetinaUrl":"https://digital.loblaws.ca/PCX/21512740_EA/en/1/21512740_enfr_front_1200.png"}],"brand":"Kelloggs","title":"Eggo's Pancake, Buttermilk","description":null,"packageSizing":"280 g, $1.60/100g","pricing":{"price":"4.49","wasPrice":null,"displayPrice":"$4.49","memberOnlyPrice":null,"mopDisplayPrice":null,"ehfTotal":null,"environmentalHandlingFee":null,"taxInfo":""},"pricingUnits":{"type":"SOLD_BY_EACH","unit":"ea","interval":1,"minOrderQuantity":1,"maxOrderQuantity":24,"weighted":false},"deal":{"type":"MULTI","text":"$4.00 MIN 2","points":0,"name":"MULTI","expiryDate":null,"dealPrice":null},"mopDeal":null,"pcoDeal":null,"inventoryIndicator":null,"offerType":"OG","offerId":"OG","action":null,"isVariant":false,"link":"/en/eggo-s-pancake-buttermilk/p/21512740_EA","productVendor":null,"productVariant":null,"textBadge":"","variantTheme":null,"articleNumber":"21512740","uom":"EA","sponsoredCreative":null,"isSponsored":false,"isComplementarySponsored":false,"complementarySponsoredBadgeText":null,"productBadge":null},{"index":34,"promotions":[],"productId":"20813389001_EA","productImage":[{"imageUrl":"https://digital.loblaws.ca/PCX/20813389001_EA/en/1/20813389001_en_front_1200.png","thumbnailUrl":"https://digital.loblaws.ca/PCX/20813389001_EA/en/1/20813389001_en_front_120.png","smallUrl":"https://digital.loblaws.ca/PCX/20813389001_EA/en/1/20813389001_en_front_250.png","mediumUrl":"https://digital.loblaws.ca/PCX/20813389001_EA/en/1/20813389001_en_front_400.png","largeUrl":"https://digital.loblaws.ca/PCX/20813389001_EA/en/1/20813389001_en_front_800.png","extraLargeUrl":"https://digital.loblaws.ca/PCX/20813389001_EA/en/1/20813389001_en_front_1200.png","smallRetinaUrl":"https://digital.loblaws.ca/PCX/20813389001_EA/en/1/20813389001_en_front_1200.png","mediumRetinaUrl":"https://digital.loblaws.ca/PCX/20813389001_EA/en/1/20813389001_en_front_1200.png","largeRetinaUrl":"https://digital.loblaws.ca/PCX/20813389001_EA/en/1/20813389001_en_front_1200.png"}],"brand":"PC Organics","title":"Extra Large Size Free-Range Brown Eggs","description":"\u003cp\u003eCreate a delicious breakfast or brunch spread with Organics Extra Large Size Free-Range Brown Eggs. Cook them scrambled, fried, or boiled and serve with toast.\u003c/p\u003e\u003cp\u003e\u003cbr\u003e\u003c/p\u003e\u003cp\u003e✓ Did you know…all PC® eggs are consciously sourced from farms using 100% cage-free spaces.\u003c/p\u003e","packageSizing":"12 ea, $0.68/1ea","pricing":{"price":"8.19","wasPrice":null,"displayPrice":"$8.19","memberOnlyPrice":null,"mopDisplayPrice":null,"ehfTotal":null,"environmentalHandlingFee":null,"taxInfo":""},"pricingUnits":{"type":"SOLD_BY_EACH","unit":"ea","interval":1,"minOrderQuantity":1,"maxOrderQuantity":24,"weighted":false},"deal":null,"mopDeal":null,"pcoDeal":null,"inventoryIndicator":{"indicatorId":"OUT","text":"Out of Stock"},"offerType":"OG","offerId":"OG","action":null,"isVariant":false,"link":"/en/extra-large-size-free-range-brown-eggs/p/20813389001_EA","productVendor":null,"productVariant":null,"textBadge":"out-of-stock","variantTheme":null,"articleNumber":"20813389001","uom":"EA","sponsoredCreative":null,"isSponsored":false,"isComplementarySponsored":false,"complementarySponsoredBadgeText":null,"productBadge":{"badgeId":"PREPARED_IN_CANADA","badgeClass":"badge11","text":"Prepared in Canada","icon":{"url":"https://dis-prod.assetful.loblaw.ca/content/dam/loblaw-companies-limited/creative-assets/pc-optimum/global-list/maple-leaf-red.png","altText":"","placement":"LEFT"}}},{"index":35,"promotions":[],"productId":"20984144001_EA","productImage":[{"imageUrl":"https://digital.loblaws.ca/PCX/20984144001_EA/en/1/6565101250_en_front_centre_marketing_GS1_Ecommerce_1200.png","thumbnailUrl":"https://digital.loblaws.ca/PCX/20984144001_EA/en/1/6565101250_en_front_centre_marketing_GS1_Ecommerce_120.png","smallUrl":"https://digital.loblaws.ca/PCX/20984144001_EA/en/1/6565101250_en_front_centre_marketing_GS1_Ecommerce_250.png","mediumUrl":"https://digital.loblaws.ca/PCX/20984144001_EA/en/1/6565101250_en_front_centre_marketing_GS1_Ecommerce_400.png","largeUrl":"https://digital.loblaws.ca/PCX/20984144001_EA/en/1/6565101250_en_front_centre_marketing_GS1_Ecommerce_800.png","extraLargeUrl":"https://digital.loblaws.ca/PCX/20984144001_EA/en/1/6565101250_en_front_centre_marketing_GS1_Ecommerce_1200.png","smallRetinaUrl":"https://digital.loblaws.ca/PCX/20984144001_EA/en/1/6565101250_en_front_centre_marketing_GS1_Ecommerce_1200.png","mediumRetinaUrl":"https://digital.loblaws.ca/PCX/20984144001_EA/en/1/6565101250_en_front_centre_marketing_GS1_Ecommerce_1200.png","largeRetinaUrl":"https://digital.loblaws.ca/PCX/20984144001_EA/en/1/6565101250_en_front_centre_marketing_GS1_Ecommerce_1200.png"}],"brand":"Burnbrae Farms","title":"Egg Creations! Whole Eggs, Original","description":"\u003cp\u003eEgg Creations Whole Eggs Original. Real whole eggs, a touch of sea salt, and nothing more.\u003c/p\u003e\u003cp\u003eKeep things simple with Whole Eggs Original: real whole eggs, a touch of sea salt, and nothing more. It’s just as nutritious as our shell eggs, but now even more convenient – just shake and pour!\u003c/p\u003e","packageSizing":"500 g, $1.16/100g","pricing":{"price":"5.79","wasPrice":null,"displayPrice":"$5.79","memberOnlyPrice":null,"mopDisplayPrice":null,"ehfTotal":null,"environmentalHandlingFee":null,"taxInfo":""},"pricingUnits":{"type":"SOLD_BY_EACH","unit":"ea","interval":1,"minOrderQuantity":1,"maxOrderQuantity":24,"weighted":false},"deal":null,"mopDeal":null,"pcoDeal":null,"inventoryIndicator":null,"offerType":"OG","offerId":"OG","action":null,"isVariant":false,"link":"/en/egg-creations-whole-eggs-original/p/20984144001_EA","productVendor":null,"productVariant":null,"textBadge":"","variantTheme":null,"articleNumber":"20984144001","uom":"EA","sponsoredCreative":null,"isSponsored":false,"isComplementarySponsored":false,"complementarySponsoredBadgeText":null,"productBadge":{"badgeId":"PREPARED_IN_CANADA","badgeClass":"badge11","text":"Prepared in Canada","icon":{"url":"https://dis-prod.assetful.loblaw.ca/content/dam/loblaw-companies-limited/creative-assets/pc-optimum/global-list/maple-leaf-red.png","altText":"","placement":"LEFT"}}},{"index":36,"promotions":[],"productId":"20814818001_EA","productImage":[{"imageUrl":"https://digital.loblaws.ca/PCX/20814818001_EA/en/1/20814818001_en_front_v1_1200.png","thumbnailUrl":"https://digital.loblaws.ca/PCX/20814818001_EA/en/1/20814818001_en_front_v1_120.png","smallUrl":"https://digital.loblaws.ca/PCX/20814818001_EA/en/1/20814818001_en_front_v1_250.png","mediumUrl":"https://digital.loblaws.ca/PCX/20814818001_EA/en/1/20814818001_en_front_v1_400.png","largeUrl":"https://digital.loblaws.ca/PCX/20814818001_EA/en/1/20814818001_en_front_v1_800.png","extraLargeUrl":"https://digital.loblaws.ca/PCX/20814818001_EA/en/1/20814818001_en_front_v1_1200.png","smallRetinaUrl":"https://digital.loblaws.ca/PCX/20814818001_EA/en/1/20814818001_en_front_v1_1200.png","mediumRetinaUrl":"https://digital.loblaws.ca/PCX/20814818001_EA/en/1/20814818001_en_front_v1_1200.png","largeRetinaUrl":"https://digital.loblaws.ca/PCX/20814818001_EA/en/1/20814818001_en_front_v1_1200.png"}],"brand":"Burnbrae Farms","title":"Grade A White Eggs, Large","description":"Eggs range in size (extra-large, large, medium, etc.) and their shells are either white or brown, depending on the breed of the hen. Crack the thin, protective shell against the edge of a bowl (with one hand, if you want to impress your friends) and use the yolk and egg white inside for your favourite breakfast recipes and desserts.","packageSizing":"6 ea, $0.55/1ea","pricing":{"price":"3.30","wasPrice":null,"displayPrice":"$3.30","memberOnlyPrice":null,"mopDisplayPrice":null,"ehfTotal":null,"environmentalHandlingFee":null,"taxInfo":""},"pricingUnits":{"type":"SOLD_BY_EACH","unit":"ea","interval":1,"minOrderQuantity":1,"maxOrderQuantity":24,"weighted":false},"deal":null,"mopDeal":null,"pcoDeal":null,"inventoryIndicator":null,"offerType":"OG","offerId":"OG","action":null,"isVariant":false,"link":"/en/grade-a-white-eggs-large/p/20814818001_EA","productVendor":null,"productVariant":null,"textBadge":"","variantTheme":null,"articleNumber":"20814818001","uom":"EA","sponsoredCreative":null,"isSponsored":false,"isComplementarySponsored":false,"complementarySponsoredBadgeText":null,"productBadge":{"badgeId":"PREPARED_IN_CANADA","badgeClass":"badge11","text":"Prepared in Canada","icon":{"url":"https://dis-prod.assetful.loblaw.ca/content/dam/loblaw-companies-limited/creative-assets/pc-optimum/global-list/maple-leaf-red.png","altText":"","placement":"LEFT"}}},{"index":37,"promotions":[],"productId":"21688098001_EA","productImage":[{"imageUrl":"https://digital.loblaws.ca/PCX/21688098001_EA/en/1/21688098001_en_front_v1_1200.png","thumbnailUrl":"https://digital.loblaws.ca/PCX/21688098001_EA/en/1/21688098001_en_front_v1_120.png","smallUrl":"https://digital.loblaws.ca/PCX/21688098001_EA/en/1/21688098001_en_front_v1_250.png","mediumUrl":"https://digital.loblaws.ca/PCX/21688098001_EA/en/1/21688098001_en_front_v1_400.png","largeUrl":"https://digital.loblaws.ca/PCX/21688098001_EA/en/1/21688098001_en_front_v1_800.png","extraLargeUrl":"https://digital.loblaws.ca/PCX/21688098001_EA/en/1/21688098001_en_front_v1_1200.png","smallRetinaUrl":"https://digital.loblaws.ca/PCX/21688098001_EA/en/1/21688098001_en_front_v1_1200.png","mediumRetinaUrl":"https://digital.loblaws.ca/PCX/21688098001_EA/en/1/21688098001_en_front_v1_1200.png","largeRetinaUrl":"https://digital.loblaws.ca/PCX/21688098001_EA/en/1/21688098001_en_front_v1_1200.png"}],"brand":"President's Choice","title":"Farm-Fresh Quail Eggs","description":"\u003cp\u003e\u003c/p\u003e\u003cp\u003eFarm-Fresh Quail Eggs are smaller in size than chicken eggs and deliver a creamier, richer taste for a unique culinary experience in every bite. They're perfect for hors d’oeuvres, breakfast plates, or specialty recipes.\u003c/p\u003e\u003cp\u003e\u003c/p\u003e","packageSizing":"18 ea, $0.22/1ea","pricing":{"price":"3.99","wasPrice":null,"displayPrice":"$3.99","memberOnlyPrice":null,"mopDisplayPrice":null,"ehfTotal":null,"environmentalHandlingFee":null,"taxInfo":""},"pricingUnits":{"type":"SOLD_BY_EACH","unit":"ea","interval":1,"minOrderQuantity":1,"maxOrderQuantity":25,"weighted":false},"deal":null,"mopDeal":null,"pcoDeal":null,"inventoryIndicator":null,"offerType":"OG","offerId":"OG","action":null,"isVariant":false,"link":"/en/farm-fresh-quail-eggs/p/21688098001_EA","productVendor":null,"productVariant":null,"textBadge":"","variantTheme":null,"articleNumber":"21688098001","uom":"EA","sponsoredCreative":null,"isSponsored":false,"isComplementarySponsored":false,"complementarySponsoredBadgeText":null,"productBadge":{"badgeId":"NEW","badgeClass":null,"text":"New","icon":null}},{"index":38,"promotions":[],"productId":"20821366001_EA","productImage":[{"imageUrl":"https://digital.loblaws.ca/PCX/20821366001_EA/en/1/6038309541_en_front_centre_marketing_GS1_Ecommerce_1200.png","thumbnailUrl":"https://digital.loblaws.ca/PCX/20821366001_EA/en/1/6038309541_en_front_centre_marketing_GS1_Ecommerce_120.png","smallUrl":"https://digital.loblaws.ca/PCX/20821366001_EA/en/1/6038309541_en_front_centre_marketing_GS1_Ecommerce_250.png","mediumUrl":"https://digital.loblaws.ca/PCX/20821366001_EA/en/1/6038309541_en_front_centre_marketing_GS1_Ecommerce_400.png","largeUrl":"https://digital.loblaws.ca/PCX/20821366001_EA/en/1/6038309541_en_front_centre_marketing_GS1_Ecommerce_800.png","extraLargeUrl":"https://digital.loblaws.ca/PCX/20821366001_EA/en/1/6038309541_en_front_centre_marketing_GS1_Ecommerce_1200.png","smallRetinaUrl":"https://digital.loblaws.ca/PCX/20821366001_EA/en/1/6038309541_en_front_centre_marketing_GS1_Ecommerce_1200.png","mediumRetinaUrl":"https://digital.loblaws.ca/PCX/20821366001_EA/en/1/6038309541_en_front_centre_marketing_GS1_Ecommerce_1200.png","largeRetinaUrl":"https://digital.loblaws.ca/PCX/20821366001_EA/en/1/6038309541_en_front_centre_marketing_GS1_Ecommerce_1200.png"}],"brand":"PC Blue Menu","title":"Free Run Egg Whites","description":"Our free-run liquid egg whites are the product of free-run hens that live in a barn environment with covered areas to lay, perch and roost. Like all egg whites, they’re fat-free, cholesterol-free and contain 7 g of protein per ¼ cup (63 g), making them a nutritional choice for breakfast and recipes.","packageSizing":"500 g, $1.34/100g","pricing":{"price":"6.70","wasPrice":null,"displayPrice":"$6.70","memberOnlyPrice":null,"mopDisplayPrice":null,"ehfTotal":null,"environmentalHandlingFee":null,"taxInfo":""},"pricingUnits":{"type":"SOLD_BY_EACH","unit":"ea","interval":1,"minOrderQuantity":1,"maxOrderQuantity":24,"weighted":false},"deal":null,"mopDeal":null,"pcoDeal":null,"inventoryIndicator":null,"offerType":"OG","offerId":"OG","action":null,"isVariant":false,"link":"/en/free-run-egg-whites/p/20821366001_EA","productVendor":null,"productVariant":null,"textBadge":"","variantTheme":null,"articleNumber":"20821366001","uom":"EA","sponsoredCreative":null,"isSponsored":false,"isComplementarySponsored":false,"complementarySponsoredBadgeText":null,"productBadge":{"badgeId":"PREPARED_IN_CANADA","badgeClass":"badge11","text":"Prepared in Canada","icon":{"url":"https://dis-prod.assetful.loblaw.ca/content/dam/loblaw-companies-limited/creative-assets/pc-optimum/global-list/maple-leaf-red.png","altText":"","placement":"LEFT"}}},{"index":39,"promotions":[],"productId":"21622556001_EA","productImage":[{"imageUrl":"https://digital.loblaws.ca/PCX/21622556001_EA/en/1/21622556001_enfr_front_v1_1200.png","thumbnailUrl":"https://digital.loblaws.ca/PCX/21622556001_EA/en/1/21622556001_enfr_front_v1_120.png","smallUrl":"https://digital.loblaws.ca/PCX/21622556001_EA/en/1/21622556001_enfr_front_v1_250.png","mediumUrl":"https://digital.loblaws.ca/PCX/21622556001_EA/en/1/21622556001_enfr_front_v1_400.png","largeUrl":"https://digital.loblaws.ca/PCX/21622556001_EA/en/1/21622556001_enfr_front_v1_800.png","extraLargeUrl":"https://digital.loblaws.ca/PCX/21622556001_EA/en/1/21622556001_enfr_front_v1_1200.png","smallRetinaUrl":"https://digital.loblaws.ca/PCX/21622556001_EA/en/1/21622556001_enfr_front_v1_1200.png","mediumRetinaUrl":"https://digital.loblaws.ca/PCX/21622556001_EA/en/1/21622556001_enfr_front_v1_1200.png","largeRetinaUrl":"https://digital.loblaws.ca/PCX/21622556001_EA/en/1/21622556001_enfr_front_v1_1200.png"}],"brand":"Conestoga Eggs","title":"White Eggs Free Run Omega-3 Large Size","description":null,"packageSizing":"18 ea, $0.58/1ea","pricing":{"price":"10.49","wasPrice":null,"displayPrice":"$10.49","memberOnlyPrice":null,"mopDisplayPrice":null,"ehfTotal":null,"environmentalHandlingFee":null,"taxInfo":""},"pricingUnits":{"type":"SOLD_BY_EACH","unit":"ea","interval":1,"minOrderQuantity":1,"maxOrderQuantity":24,"weighted":false},"deal":null,"mopDeal":null,"pcoDeal":null,"inventoryIndicator":null,"offerType":"OG","offerId":"OG","action":null,"isVariant":false,"link":"/en/white-eggs-free-run-omega-3-large-size/p/21622556001_EA","productVendor":null,"productVariant":null,"textBadge":"","variantTheme":null,"articleNumber":"21622556001","uom":"EA","sponsoredCreative":null,"isSponsored":false,"isComplementarySponsored":false,"complementarySponsoredBadgeText":null,"productBadge":{"badgeId":"PREPARED_IN_CANADA","badgeClass":"badge11","text":"Prepared in Canada","icon":{"url":"https://dis-prod.assetful.loblaw.ca/content/dam/loblaw-companies-limited/creative-assets/pc-optimum/global-list/maple-leaf-red.png","altText":"","placement":"LEFT"}}},{"index":40,"promotions":[],"productId":"20815567001_EA","productImage":[{"imageUrl":"https://digital.loblaws.ca/PCX/20815567001_EA/en/1/20815567001_en_front_1200.png","thumbnailUrl":"https://digital.loblaws.ca/PCX/20815567001_EA/en/1/20815567001_en_front_120.png","smallUrl":"https://digital.loblaws.ca/PCX/20815567001_EA/en/1/20815567001_en_front_250.png","mediumUrl":"https://digital.loblaws.ca/PCX/20815567001_EA/en/1/20815567001_en_front_400.png","largeUrl":"https://digital.loblaws.ca/PCX/20815567001_EA/en/1/20815567001_en_front_800.png","extraLargeUrl":"https://digital.loblaws.ca/PCX/20815567001_EA/en/1/20815567001_en_front_1200.png","smallRetinaUrl":"https://digital.loblaws.ca/PCX/20815567001_EA/en/1/20815567001_en_front_1200.png","mediumRetinaUrl":"https://digital.loblaws.ca/PCX/20815567001_EA/en/1/20815567001_en_front_1200.png","largeRetinaUrl":"https://digital.loblaws.ca/PCX/20815567001_EA/en/1/20815567001_en_front_1200.png"}],"brand":"Burnbrae Farms","title":"Naturegg Omega 3 White Eggs","description":"Omega-3 eggs are produced from hens that have been fed a flax-based diet. They provide an additional source of omega-3 fatty acids and can be used in the same ways as regular eggs. Crack the thin, protective shell against the edge of a bowl (with one hand, if you want to impress your friends) and use the yolk and egg white inside for your favourite breakfast recipes and desserts.","packageSizing":"6 ea, $0.68/1ea","pricing":{"price":"4.09","wasPrice":null,"displayPrice":"$4.09","memberOnlyPrice":null,"mopDisplayPrice":null,"ehfTotal":null,"environmentalHandlingFee":null,"taxInfo":""},"pricingUnits":{"type":"SOLD_BY_EACH","unit":"ea","interval":1,"minOrderQuantity":1,"maxOrderQuantity":24,"weighted":false},"deal":null,"mopDeal":null,"pcoDeal":null,"inventoryIndicator":null,"offerType":"OG","offerId":"OG","action":null,"isVariant":false,"link":"/en/naturegg-omega-3-white-eggs/p/20815567001_EA","productVendor":null,"productVariant":null,"textBadge":"","variantTheme":null,"articleNumber":"20815567001","uom":"EA","sponsoredCreative":null,"isSponsored":false,"isComplementarySponsored":false,"complementarySponsoredBadgeText":null,"productBadge":{"badgeId":"PREPARED_IN_CANADA","badgeClass":"badge11","text":"Prepared in Canada","icon":{"url":"https://dis-prod.assetful.loblaw.ca/content/dam/loblaw-companies-limited/creative-assets/pc-optimum/global-list/maple-leaf-red.png","altText":"","placement":"LEFT"}}},{"index":41,"promotions":[],"productId":"20820355001_EA","productImage":[{"imageUrl":"https://digital.loblaws.ca/PCX/20820355001_EA/en/1/6565100249_en_front_centre_marketing_GS1_Ecommerce_1200.png","thumbnailUrl":"https://digital.loblaws.ca/PCX/20820355001_EA/en/1/6565100249_en_front_centre_marketing_GS1_Ecommerce_120.png","smallUrl":"https://digital.loblaws.ca/PCX/20820355001_EA/en/1/6565100249_en_front_centre_marketing_GS1_Ecommerce_250.png","mediumUrl":"https://digital.loblaws.ca/PCX/20820355001_EA/en/1/6565100249_en_front_centre_marketing_GS1_Ecommerce_400.png","largeUrl":"https://digital.loblaws.ca/PCX/20820355001_EA/en/1/6565100249_en_front_centre_marketing_GS1_Ecommerce_800.png","extraLargeUrl":"https://digital.loblaws.ca/PCX/20820355001_EA/en/1/6565100249_en_front_centre_marketing_GS1_Ecommerce_1200.png","smallRetinaUrl":"https://digital.loblaws.ca/PCX/20820355001_EA/en/1/6565100249_en_front_centre_marketing_GS1_Ecommerce_1200.png","mediumRetinaUrl":"https://digital.loblaws.ca/PCX/20820355001_EA/en/1/6565100249_en_front_centre_marketing_GS1_Ecommerce_1200.png","largeRetinaUrl":"https://digital.loblaws.ca/PCX/20820355001_EA/en/1/6565100249_en_front_centre_marketing_GS1_Ecommerce_1200.png"}],"brand":"Burnbrae Farms","title":"Naturegg Simply Egg Whites","description":"Liquid eggs, either with the yolks or without, are conveniently packaged and ready to use in your favourite breakfast recipes, cooked dishes, and desserts.","packageSizing":"1 ea, $1.00/100ml","pricing":{"price":"5.00","wasPrice":"$5.79","displayPrice":"$5.00","memberOnlyPrice":null,"mopDisplayPrice":null,"ehfTotal":null,"environmentalHandlingFee":null,"taxInfo":""},"pricingUnits":{"type":"SOLD_BY_EACH","unit":"ea","interval":1,"minOrderQuantity":1,"maxOrderQuantity":24,"weighted":false},"deal":{"type":"SALE","text":"SAVE $0.79","points":0,"name":"SALE","expiryDate":"2025-10-15T00:00:00Z","dealPrice":null},"mopDeal":null,"pcoDeal":null,"inventoryIndicator":null,"offerType":"OG","offerId":"OG","action":null,"isVariant":false,"link":"/en/naturegg-simply-egg-whites/p/20820355001_EA","productVendor":null,"productVariant":null,"textBadge":"","variantTheme":null,"articleNumber":"20820355001","uom":"EA","sponsoredCreative":null,"isSponsored":false,"isComplementarySponsored":false,"complementarySponsoredBadgeText":null,"productBadge":{"badgeId":"PREPARED_IN_CANADA","badgeClass":"badge11","text":"Prepared in Canada","icon":{"url":"https://dis-prod.assetful.loblaw.ca/content/dam/loblaw-companies-limited/creative-assets/pc-optimum/global-list/maple-leaf-red.png","altText":"","placement":"LEFT"}}},{"index":42,"promotions":[],"productId":"20815566001_EA","productImage":[{"imageUrl":"https://digital.loblaws.ca/PCX/20815566001_EA/en/1/20815566001_en_front_1200.png","thumbnailUrl":"https://digital.loblaws.ca/PCX/20815566001_EA/en/1/20815566001_en_front_120.png","smallUrl":"https://digital.loblaws.ca/PCX/20815566001_EA/en/1/20815566001_en_front_250.png","mediumUrl":"https://digital.loblaws.ca/PCX/20815566001_EA/en/1/20815566001_en_front_400.png","largeUrl":"https://digital.loblaws.ca/PCX/20815566001_EA/en/1/20815566001_en_front_800.png","extraLargeUrl":"https://digital.loblaws.ca/PCX/20815566001_EA/en/1/20815566001_en_front_1200.png","smallRetinaUrl":"https://digital.loblaws.ca/PCX/20815566001_EA/en/1/20815566001_en_front_1200.png","mediumRetinaUrl":"https://digital.loblaws.ca/PCX/20815566001_EA/en/1/20815566001_en_front_1200.png","largeRetinaUrl":"https://digital.loblaws.ca/PCX/20815566001_EA/en/1/20815566001_en_front_1200.png"}],"brand":"Burnbrae Farms","title":"Naturegg Free Run Eggs, Large","description":"Eggs range in size (extra-large, large, medium, etc.) and their shells are either white or brown, depending on the breed of the hen. Crack the thin, protective shell against the edge of a bowl (with one hand, if you want to impress your friends) and use the yolk and egg white inside for your favourite breakfast recipes and desserts.","packageSizing":"6 ea, $0.73/1ea","pricing":{"price":"4.39","wasPrice":null,"displayPrice":"$4.39","memberOnlyPrice":null,"mopDisplayPrice":null,"ehfTotal":null,"environmentalHandlingFee":null,"taxInfo":""},"pricingUnits":{"type":"SOLD_BY_EACH","unit":"ea","interval":1,"minOrderQuantity":1,"maxOrderQuantity":25,"weighted":false},"deal":null,"mopDeal":null,"pcoDeal":null,"inventoryIndicator":null,"offerType":"OG","offerId":"OG","action":null,"isVariant":false,"link":"/en/naturegg-free-run-eggs-large/p/20815566001_EA","productVendor":null,"productVariant":null,"textBadge":"","variantTheme":null,"articleNumber":"20815566001","uom":"EA","sponsoredCreative":null,"isSponsored":false,"isComplementarySponsored":false,"complementarySponsoredBadgeText":null,"productBadge":{"badgeId":"PREPARED_IN_CANADA","badgeClass":"badge11","text":"Prepared in Canada","icon":{"url":"https://dis-prod.assetful.loblaw.ca/content/dam/loblaw-companies-limited/creative-assets/pc-optimum/global-list/maple-leaf-red.png","altText":"","placement":"LEFT"}}},{"index":43,"promotions":[],"productId":"20815722001_EA","productImage":[{"imageUrl":"https://digital.loblaws.ca/PCX/20815722001_EA/en/1/20815722001_en_front_1200.png","thumbnailUrl":"https://digital.loblaws.ca/PCX/20815722001_EA/en/1/20815722001_en_front_120.png","smallUrl":"https://digital.loblaws.ca/PCX/20815722001_EA/en/1/20815722001_en_front_250.png","mediumUrl":"https://digital.loblaws.ca/PCX/20815722001_EA/en/1/20815722001_en_front_400.png","largeUrl":"https://digital.loblaws.ca/PCX/20815722001_EA/en/1/20815722001_en_front_800.png","extraLargeUrl":"https://digital.loblaws.ca/PCX/20815722001_EA/en/1/20815722001_en_front_1200.png","smallRetinaUrl":"https://digital.loblaws.ca/PCX/20815722001_EA/en/1/20815722001_en_front_1200.png","mediumRetinaUrl":"https://digital.loblaws.ca/PCX/20815722001_EA/en/1/20815722001_en_front_1200.png","largeRetinaUrl":"https://digital.loblaws.ca/PCX/20815722001_EA/en/1/20815722001_en_front_1200.png"}],"brand":"Burnbrae Farms","title":"Naturegg Omega 3 Brown Eggs, Large","description":"Omega-3 eggs are produced from hens that have been fed a flax-based diet. They provide an additional source of omega-3 fatty acids and can be used in the same ways as regular eggs. Crack the thin, protective shell against the edge of a bowl (with one hand, if you want to impress your friends) and use the yolk and egg white inside for your favourite breakfast recipes and desserts.","packageSizing":"12 ea, $0.61/1ea","pricing":{"price":"7.29","wasPrice":null,"displayPrice":"$7.29","memberOnlyPrice":null,"mopDisplayPrice":null,"ehfTotal":null,"environmentalHandlingFee":null,"taxInfo":""},"pricingUnits":{"type":"SOLD_BY_EACH","unit":"ea","interval":1,"minOrderQuantity":1,"maxOrderQuantity":24,"weighted":false},"deal":null,"mopDeal":null,"pcoDeal":null,"inventoryIndicator":null,"offerType":"OG","offerId":"OG","action":null,"isVariant":false,"link":"/en/naturegg-omega-3-brown-eggs-large/p/20815722001_EA","productVendor":null,"productVariant":null,"textBadge":"","variantTheme":null,"articleNumber":"20815722001","uom":"EA","sponsoredCreative":null,"isSponsored":false,"isComplementarySponsored":false,"complementarySponsoredBadgeText":null,"productBadge":{"badgeId":"PREPARED_IN_CANADA","badgeClass":"badge11","text":"Prepared in Canada","icon":{"url":"https://dis-prod.assetful.loblaw.ca/content/dam/loblaw-companies-limited/creative-assets/pc-optimum/global-list/maple-leaf-red.png","altText":"","placement":"LEFT"}}},{"index":44,"promotions":[],"productId":"20820130001_EA","productImage":[{"imageUrl":"https://digital.loblaws.ca/PCX/20820130001_EA/en/1/6565100526_en_front_centre_marketing_GS1_Ecommerce_1200.png","thumbnailUrl":"https://digital.loblaws.ca/PCX/20820130001_EA/en/1/6565100526_en_front_centre_marketing_GS1_Ecommerce_120.png","smallUrl":"https://digital.loblaws.ca/PCX/20820130001_EA/en/1/6565100526_en_front_centre_marketing_GS1_Ecommerce_250.png","mediumUrl":"https://digital.loblaws.ca/PCX/20820130001_EA/en/1/6565100526_en_front_centre_marketing_GS1_Ecommerce_400.png","largeUrl":"https://digital.loblaws.ca/PCX/20820130001_EA/en/1/6565100526_en_front_centre_marketing_GS1_Ecommerce_800.png","extraLargeUrl":"https://digital.loblaws.ca/PCX/20820130001_EA/en/1/6565100526_en_front_centre_marketing_GS1_Ecommerce_1200.png","smallRetinaUrl":"https://digital.loblaws.ca/PCX/20820130001_EA/en/1/6565100526_en_front_centre_marketing_GS1_Ecommerce_1200.png","mediumRetinaUrl":"https://digital.loblaws.ca/PCX/20820130001_EA/en/1/6565100526_en_front_centre_marketing_GS1_Ecommerce_1200.png","largeRetinaUrl":"https://digital.loblaws.ca/PCX/20820130001_EA/en/1/6565100526_en_front_centre_marketing_GS1_Ecommerce_1200.png"}],"brand":"Burnbrae Farms","title":"Naturegg Free Run Egg Whites","description":"Liquid eggs, either with the yolks or without, are conveniently packaged and ready to use in your favourite breakfast recipes, cooked dishes, and desserts.","packageSizing":"1 ea, $1.00/100g $0.45/1lb","pricing":{"price":"5.00","wasPrice":"$5.79","displayPrice":"$5.00","memberOnlyPrice":null,"mopDisplayPrice":null,"ehfTotal":null,"environmentalHandlingFee":null,"taxInfo":""},"pricingUnits":{"type":"SOLD_BY_EACH","unit":"ea","interval":1,"minOrderQuantity":1,"maxOrderQuantity":24,"weighted":false},"deal":{"type":"SALE","text":"SAVE $0.79","points":0,"name":"SALE","expiryDate":"2025-10-15T00:00:00Z","dealPrice":null},"mopDeal":null,"pcoDeal":null,"inventoryIndicator":null,"offerType":"OG","offerId":"OG","action":null,"isVariant":false,"link":"/en/naturegg-free-run-egg-whites/p/20820130001_EA","productVendor":null,"productVariant":null,"textBadge":"","variantTheme":null,"articleNumber":"20820130001","uom":"EA","sponsoredCreative":null,"isSponsored":false,"isComplementarySponsored":false,"complementarySponsoredBadgeText":null,"productBadge":{"badgeId":"PREPARED_IN_CANADA","badgeClass":"badge11","text":"Prepared in Canada","icon":{"url":"https://dis-prod.assetful.loblaw.ca/content/dam/loblaw-companies-limited/creative-assets/pc-optimum/global-list/maple-leaf-red.png","altText":"","placement":"LEFT"}}},{"index":45,"promotions":[],"productId":"20816074001_EA","productImage":[{"imageUrl":"https://digital.loblaws.ca/PCX/20816074001_EA/en/1/6565100429_enfr_front_centre_marketing_GS1_Ecommerce_1200.png","thumbnailUrl":"https://digital.loblaws.ca/PCX/20816074001_EA/en/1/6565100429_enfr_front_centre_marketing_GS1_Ecommerce_120.png","smallUrl":"https://digital.loblaws.ca/PCX/20816074001_EA/en/1/6565100429_enfr_front_centre_marketing_GS1_Ecommerce_250.png","mediumUrl":"https://digital.loblaws.ca/PCX/20816074001_EA/en/1/6565100429_enfr_front_centre_marketing_GS1_Ecommerce_400.png","largeUrl":"https://digital.loblaws.ca/PCX/20816074001_EA/en/1/6565100429_enfr_front_centre_marketing_GS1_Ecommerce_800.png","extraLargeUrl":"https://digital.loblaws.ca/PCX/20816074001_EA/en/1/6565100429_enfr_front_centre_marketing_GS1_Ecommerce_1200.png","smallRetinaUrl":"https://digital.loblaws.ca/PCX/20816074001_EA/en/1/6565100429_enfr_front_centre_marketing_GS1_Ecommerce_1200.png","mediumRetinaUrl":"https://digital.loblaws.ca/PCX/20816074001_EA/en/1/6565100429_enfr_front_centre_marketing_GS1_Ecommerce_1200.png","largeRetinaUrl":"https://digital.loblaws.ca/PCX/20816074001_EA/en/1/6565100429_enfr_front_centre_marketing_GS1_Ecommerce_1200.png"}],"brand":"Burnbrae Farms","title":"Naturegg Free Run Omega 3 Eggs","description":"Omega-3 eggs are produced from hens that have been fed a flax-based diet. They provide an additional source of omega-3 fatty acids and can be used in the same ways as regular eggs. Crack the thin, protective shell against the edge of a bowl (with one hand, if you want to impress your friends) and use the yolk and egg white inside for your favourite breakfast recipes and desserts.","packageSizing":"12 ea, $0.66/1ea","pricing":{"price":"7.89","wasPrice":null,"displayPrice":"$7.89","memberOnlyPrice":null,"mopDisplayPrice":null,"ehfTotal":null,"environmentalHandlingFee":null,"taxInfo":""},"pricingUnits":{"type":"SOLD_BY_EACH","unit":"ea","interval":1,"minOrderQuantity":1,"maxOrderQuantity":24,"weighted":false},"deal":null,"mopDeal":null,"pcoDeal":null,"inventoryIndicator":null,"offerType":"OG","offerId":"OG","action":null,"isVariant":false,"link":"/en/naturegg-free-run-omega-3-eggs/p/20816074001_EA","productVendor":null,"productVariant":null,"textBadge":"","variantTheme":null,"articleNumber":"20816074001","uom":"EA","sponsoredCreative":null,"isSponsored":false,"isComplementarySponsored":false,"complementarySponsoredBadgeText":null,"productBadge":{"badgeId":"PREPARED_IN_CANADA","badgeClass":"badge11","text":"Prepared in Canada","icon":{"url":"https://dis-prod.assetful.loblaw.ca/content/dam/loblaw-companies-limited/creative-assets/pc-optimum/global-list/maple-leaf-red.png","altText":"","placement":"LEFT"}}},{"index":46,"promotions":[],"productId":"20813937001_EA","productImage":[{"imageUrl":"https://digital.loblaws.ca/PCX/20813937001_EA/en/1/20813937001_en_front_1200.png","thumbnailUrl":"https://digital.loblaws.ca/PCX/20813937001_EA/en/1/20813937001_en_front_120.png","smallUrl":"https://digital.loblaws.ca/PCX/20813937001_EA/en/1/20813937001_en_front_250.png","mediumUrl":"https://digital.loblaws.ca/PCX/20813937001_EA/en/1/20813937001_en_front_400.png","largeUrl":"https://digital.loblaws.ca/PCX/20813937001_EA/en/1/20813937001_en_front_800.png","extraLargeUrl":"https://digital.loblaws.ca/PCX/20813937001_EA/en/1/20813937001_en_front_1200.png","smallRetinaUrl":"https://digital.loblaws.ca/PCX/20813937001_EA/en/1/20813937001_en_front_1200.png","mediumRetinaUrl":"https://digital.loblaws.ca/PCX/20813937001_EA/en/1/20813937001_en_front_1200.png","largeRetinaUrl":"https://digital.loblaws.ca/PCX/20813937001_EA/en/1/20813937001_en_front_1200.png"}],"brand":"President's Choice","title":"Extra Large Free Run Brown Eggs","description":"\u003cp\u003eThese Canada Grade A eggs are exclusively from hens who live in an open-concept barn environment where they are free to roam, feed and nest. One of the most versatile ingredients in the kitchen, choose from our large eggs with 6 g of protein each or our extra large eggs with 7 g of protein each. Canada?s Food Guide considers 2 eggs to be one serving from the Meat and Alternatives food group.\u003c/p\u003e\u003cp\u003e\u003cbr\u003e\u003c/p\u003e\u003cp\u003e\u003cspan style=\"color: rgb(130, 130, 130); font-family: helvetica, arial, sans-serif; font-size: 15.2px; font-style: normal; font-variant-ligatures: normal; font-variant-caps: normal; font-weight: 400; letter-spacing: normal; orphans: 2; text-align: left; text-indent: 0px; text-transform: none; widows: 2; word-spacing: 0px; -webkit-text-stroke-width: 0px; white-space: normal; background-color: rgb(255, 255, 255); text-decoration-thickness: initial; text-decoration-style: initial; text-decoration-color: initial; display: inline !important; float: none;\"\u003e✓ Did you know…all PC® eggs are consciously sourced from farms using 100% cage-free spaces.\u003c/span\u003e\u003c/p\u003e","packageSizing":"12 ea, $0.63/1ea","pricing":{"price":"7.59","wasPrice":null,"displayPrice":"$7.59","memberOnlyPrice":null,"mopDisplayPrice":null,"ehfTotal":null,"environmentalHandlingFee":null,"taxInfo":""},"pricingUnits":{"type":"SOLD_BY_EACH","unit":"ea","interval":1,"minOrderQuantity":1,"maxOrderQuantity":24,"weighted":false},"deal":null,"mopDeal":null,"pcoDeal":null,"inventoryIndicator":null,"offerType":"OG","offerId":"OG","action":null,"isVariant":false,"link":"/en/extra-large-free-run-brown-eggs/p/20813937001_EA","productVendor":null,"productVariant":null,"textBadge":"","variantTheme":null,"articleNumber":"20813937001","uom":"EA","sponsoredCreative":null,"isSponsored":false,"isComplementarySponsored":false,"complementarySponsoredBadgeText":null,"productBadge":{"badgeId":"PREPARED_IN_CANADA","badgeClass":"badge11","text":"Prepared in Canada","icon":{"url":"https://dis-prod.assetful.loblaw.ca/content/dam/loblaw-companies-limited/creative-assets/pc-optimum/global-list/maple-leaf-red.png","altText":"","placement":"LEFT"}}},{"index":47,"promotions":[],"productId":"20820690001_EA","productImage":[{"imageUrl":"https://digital.loblaws.ca/PCX/20820690001_EA/en/1/6565100345_en_front_centre_marketing_A_1_GS1_Ecommerce_1200.png","thumbnailUrl":"https://digital.loblaws.ca/PCX/20820690001_EA/en/1/6565100345_en_front_centre_marketing_A_1_GS1_Ecommerce_120.png","smallUrl":"https://digital.loblaws.ca/PCX/20820690001_EA/en/1/6565100345_en_front_centre_marketing_A_1_GS1_Ecommerce_250.png","mediumUrl":"https://digital.loblaws.ca/PCX/20820690001_EA/en/1/6565100345_en_front_centre_marketing_A_1_GS1_Ecommerce_400.png","largeUrl":"https://digital.loblaws.ca/PCX/20820690001_EA/en/1/6565100345_en_front_centre_marketing_A_1_GS1_Ecommerce_800.png","extraLargeUrl":"https://digital.loblaws.ca/PCX/20820690001_EA/en/1/6565100345_en_front_centre_marketing_A_1_GS1_Ecommerce_1200.png","smallRetinaUrl":"https://digital.loblaws.ca/PCX/20820690001_EA/en/1/6565100345_en_front_centre_marketing_A_1_GS1_Ecommerce_1200.png","mediumRetinaUrl":"https://digital.loblaws.ca/PCX/20820690001_EA/en/1/6565100345_en_front_centre_marketing_A_1_GS1_Ecommerce_1200.png","largeRetinaUrl":"https://digital.loblaws.ca/PCX/20820690001_EA/en/1/6565100345_en_front_centre_marketing_A_1_GS1_Ecommerce_1200.png"}],"brand":"Burnbrae Farms","title":"Egg Creations, Original","description":"\u003cul\u003e\u003cli\u003eCholesterol-free: This product does not contain cholesterol.\u003c/li\u003e\u003cli\u003eFat-Free: This product does not contain fat.\u003c/li\u003e\u003cli\u003eGluten-Free: This product is gluten-free.\u003c/li\u003e\u003cli\u003eKosher: Complies with Jewish dietary law.\u003c/li\u003e\u003cli\u003eOther: No artifical flavours or preservatives.\u003c/li\u003e\u003c/ul\u003e","packageSizing":"500 g, $1.16/100g","pricing":{"price":"5.79","wasPrice":null,"displayPrice":"$5.79","memberOnlyPrice":null,"mopDisplayPrice":null,"ehfTotal":null,"environmentalHandlingFee":null,"taxInfo":""},"pricingUnits":{"type":"SOLD_BY_EACH","unit":"ea","interval":1,"minOrderQuantity":1,"maxOrderQuantity":24,"weighted":false},"deal":null,"mopDeal":null,"pcoDeal":null,"inventoryIndicator":null,"offerType":"OG","offerId":"OG","action":null,"isVariant":false,"link":"/en/egg-creations-original/p/20820690001_EA","productVendor":null,"productVariant":null,"textBadge":"","variantTheme":null,"articleNumber":"20820690001","uom":"EA","sponsoredCreative":null,"isSponsored":false,"isComplementarySponsored":false,"complementarySponsoredBadgeText":null,"productBadge":{"badgeId":"PREPARED_IN_CANADA","badgeClass":"badge11","text":"Prepared in Canada","icon":{"url":"https://dis-prod.assetful.loblaw.ca/content/dam/loblaw-companies-limited/creative-assets/pc-optimum/global-list/maple-leaf-red.png","altText":"","placement":"LEFT"}}},{"index":48,"promotions":[],"productId":"21069384001_EA","productImage":[{"imageUrl":"https://digital.loblaws.ca/PCX/21069384001_EA/en/1/6565100830_enfr_front_centre_marketing_GS1_Ecommerce_1200.png","thumbnailUrl":"https://digital.loblaws.ca/PCX/21069384001_EA/en/1/6565100830_enfr_front_centre_marketing_GS1_Ecommerce_120.png","smallUrl":"https://digital.loblaws.ca/PCX/21069384001_EA/en/1/6565100830_enfr_front_centre_marketing_GS1_Ecommerce_250.png","mediumUrl":"https://digital.loblaws.ca/PCX/21069384001_EA/en/1/6565100830_enfr_front_centre_marketing_GS1_Ecommerce_400.png","largeUrl":"https://digital.loblaws.ca/PCX/21069384001_EA/en/1/6565100830_enfr_front_centre_marketing_GS1_Ecommerce_800.png","extraLargeUrl":"https://digital.loblaws.ca/PCX/21069384001_EA/en/1/6565100830_enfr_front_centre_marketing_GS1_Ecommerce_1200.png","smallRetinaUrl":"https://digital.loblaws.ca/PCX/21069384001_EA/en/1/6565100830_enfr_front_centre_marketing_GS1_Ecommerce_1200.png","mediumRetinaUrl":"https://digital.loblaws.ca/PCX/21069384001_EA/en/1/6565100830_enfr_front_centre_marketing_GS1_Ecommerce_1200.png","largeRetinaUrl":"https://digital.loblaws.ca/PCX/21069384001_EA/en/1/6565100830_enfr_front_centre_marketing_GS1_Ecommerce_1200.png"}],"brand":"Burnbrae Farms","title":"Naturegg NestlaidOmega 3 Large Size 12 Eggs","description":"Large Omega 3 Shell Eggs","packageSizing":"12 ea, $5.50/1ea","pricing":{"price":"5.50","wasPrice":"$6.65","displayPrice":"$5.50","memberOnlyPrice":null,"mopDisplayPrice":null,"ehfTotal":null,"environmentalHandlingFee":null,"taxInfo":""},"pricingUnits":{"type":"SOLD_BY_EACH","unit":"ea","interval":1,"minOrderQuantity":1,"maxOrderQuantity":24,"weighted":false},"deal":{"type":"SALE","text":"SAVE $1.15","points":0,"name":"SALE","expiryDate":"2025-10-15T00:00:00Z","dealPrice":null},"mopDeal":null,"pcoDeal":null,"inventoryIndicator":null,"offerType":"OG","offerId":"OG","action":null,"isVariant":false,"link":"/en/naturegg-nestlaidomega-3-large-size-12-eggs/p/21069384001_EA","productVendor":null,"productVariant":null,"textBadge":"","variantTheme":null,"articleNumber":"21069384001","uom":"EA","sponsoredCreative":null,"isSponsored":false,"isComplementarySponsored":false,"complementarySponsoredBadgeText":null,"productBadge":{"badgeId":"PREPARED_IN_CANADA","badgeClass":"badge11","text":"Prepared in Canada","icon":{"url":"https://dis-prod.assetful.loblaw.ca/content/dam/loblaw-companies-limited/creative-assets/pc-optimum/global-list/maple-leaf-red.png","altText":"","placement":"LEFT"}}},{"index":49,"promotions":[],"productId":"20974459001_EA","productImage":[{"imageUrl":"https://digital.loblaws.ca/PCX/20974459001_EA/en/1/20974459001_en_front_1200.png","thumbnailUrl":"https://digital.loblaws.ca/PCX/20974459001_EA/en/1/20974459001_en_front_120.png","smallUrl":"https://digital.loblaws.ca/PCX/20974459001_EA/en/1/20974459001_en_front_250.png","mediumUrl":"https://digital.loblaws.ca/PCX/20974459001_EA/en/1/20974459001_en_front_400.png","largeUrl":"https://digital.loblaws.ca/PCX/20974459001_EA/en/1/20974459001_en_front_800.png","extraLargeUrl":"https://digital.loblaws.ca/PCX/20974459001_EA/en/1/20974459001_en_front_1200.png","smallRetinaUrl":"https://digital.loblaws.ca/PCX/20974459001_EA/en/1/20974459001_en_front_1200.png","mediumRetinaUrl":"https://digital.loblaws.ca/PCX/20974459001_EA/en/1/20974459001_en_front_1200.png","largeRetinaUrl":"https://digital.loblaws.ca/PCX/20974459001_EA/en/1/20974459001_en_front_1200.png"}],"brand":"Rowe Farms","title":"Green Valley Omega 3 Eggs, Large","description":"From hens fed without the use of antibiotics in behavioural enriched colony housing..\u003cbr\u003e\u003cbr\u003eGreenvalley Omega 3 eggs come from hens raised in small social groups that are free to nest and perch in an enriched colony house. They are fed an omega-3 enriched diet consisting of flaxseed and other wholesome ingredients.","packageSizing":"12 ea, $6.39/1ea","pricing":{"price":"6.39","wasPrice":null,"displayPrice":"$6.39","memberOnlyPrice":null,"mopDisplayPrice":null,"ehfTotal":null,"environmentalHandlingFee":null,"taxInfo":""},"pricingUnits":{"type":"SOLD_BY_EACH","unit":"ea","interval":1,"minOrderQuantity":1,"maxOrderQuantity":24,"weighted":false},"deal":null,"mopDeal":null,"pcoDeal":null,"inventoryIndicator":null,"offerType":"OG","offerId":"OG","action":null,"isVariant":false,"link":"/en/green-valley-omega-3-eggs-large/p/20974459001_EA","productVendor":null,"productVariant":null,"textBadge":"","variantTheme":null,"articleNumber":"20974459001","uom":"EA","sponsoredCreative":null,"isSponsored":false,"isComplementarySponsored":false,"complementarySponsoredBadgeText":null,"productBadge":{"badgeId":"PREPARED_IN_CANADA","badgeClass":"badge11","text":"Prepared in Canada","icon":{"url":"https://dis-prod.assetful.loblaw.ca/content/dam/loblaw-companies-limited/creative-assets/pc-optimum/global-list/maple-leaf-red.png","altText":"","placement":"LEFT"}}},{"index":50,"promotions":[],"productId":"20818960001_EA","productImage":[{"imageUrl":"https://digital.loblaws.ca/PCX/20818960001_EA/en/1/20818960001_en_front_1200.png","thumbnailUrl":"https://digital.loblaws.ca/PCX/20818960001_EA/en/1/20818960001_en_front_120.png","smallUrl":"https://digital.loblaws.ca/PCX/20818960001_EA/en/1/20818960001_en_front_250.png","mediumUrl":"https://digital.loblaws.ca/PCX/20818960001_EA/en/1/20818960001_en_front_400.png","largeUrl":"https://digital.loblaws.ca/PCX/20818960001_EA/en/1/20818960001_en_front_800.png","extraLargeUrl":"https://digital.loblaws.ca/PCX/20818960001_EA/en/1/20818960001_en_front_1200.png","smallRetinaUrl":"https://digital.loblaws.ca/PCX/20818960001_EA/en/1/20818960001_en_front_1200.png","mediumRetinaUrl":"https://digital.loblaws.ca/PCX/20818960001_EA/en/1/20818960001_en_front_1200.png","largeRetinaUrl":"https://digital.loblaws.ca/PCX/20818960001_EA/en/1/20818960001_en_front_1200.png"}],"brand":"PC Organics","title":"Medium Size Free-Range Brown Eggs ","description":"\u003cp\u003eCook up a delicious breakfast for the whole family with Organics Medium Size Free-Range Brown Eggs. Scramble, fry, or boil them and serve them alongside toast with butter.\u003c/p\u003e\u003cp\u003e\u003cbr\u003e\u003c/p\u003e\u003cp\u003e\u003cspan style=\"color: rgb(130, 130, 130); font-family: helvetica, arial, sans-serif; font-size: 15.2px; font-style: normal; font-variant-ligatures: normal; font-variant-caps: normal; font-weight: 400; letter-spacing: normal; orphans: 2; text-align: left; text-indent: 0px; text-transform: none; widows: 2; word-spacing: 0px; -webkit-text-stroke-width: 0px; white-space: normal; background-color: rgb(255, 255, 255); text-decoration-thickness: initial; text-decoration-style: initial; text-decoration-color: initial; display: inline !important; float: none;\"\u003e✓ Did you know…all PC® eggs are consciously sourced from farms using 100% cage-free spaces.\u003c/span\u003e\u003c/p\u003e","packageSizing":"12 ea, $0.65/1ea","pricing":{"price":"7.79","wasPrice":null,"displayPrice":"$7.79","memberOnlyPrice":null,"mopDisplayPrice":null,"ehfTotal":null,"environmentalHandlingFee":null,"taxInfo":""},"pricingUnits":{"type":"SOLD_BY_EACH","unit":"ea","interval":1,"minOrderQuantity":1,"maxOrderQuantity":24,"weighted":false},"deal":null,"mopDeal":null,"pcoDeal":null,"inventoryIndicator":{"indicatorId":"OUT","text":"Out of Stock"},"offerType":"OG","offerId":"OG","action":null,"isVariant":false,"link":"/en/medium-size-free-range-brown-eggs/p/20818960001_EA","productVendor":null,"productVariant":null,"textBadge":"out-of-stock","variantTheme":null,"articleNumber":"20818960001","uom":"EA","sponsoredCreative":null,"isSponsored":false,"isComplementarySponsored":false,"complementarySponsoredBadgeText":null,"productBadge":{"badgeId":"PREPARED_IN_CANADA","badgeClass":"badge11","text":"Prepared in Canada","icon":{"url":"https://dis-prod.assetful.loblaw.ca/content/dam/loblaw-companies-limited/creative-assets/pc-optimum/global-list/maple-leaf-red.png","altText":"","placement":"LEFT"}}}],"button1":null,"headerGroup":null,"productTileType":null},"isSSR":true},{"componentId":"relatedSearchComponent","contentId":"1T4QnUmEKqmMlciKuKl6U0-3","variantId":null,"id":"1T4QnUmEKqmMlciKuKl6U0-3","position":9,"data":{"headerGroup":{"paragraph":null,"callToAction":null,"headline":{"text":"Related Searches","alignment":"LEFT","variantId":"SMALL_04","headerType":"H4","callToAction":null},"desktopImage":null,"mobileImage":null,"tabletImage":null},"suggestions":[{"text":"butter","url":"search?search-bar=butter"},{"text":"milk","url":"search?search-bar=milk"},{"text":"dairy \u0026 eggs","url":"search?search-bar=dairy%20\u0026%20eggs"},{"text":"bread","url":"search?search-bar=bread"},{"text":"cream","url":"search?search-bar=cream"},{"text":"whole eggs","url":"search?search-bar=whole%20eggs"},{"text":"margarine","url":"search?search-bar=margarine"},{"text":"turkey bacon","url":"search?search-bar=turkey%20bacon"},{"text":"homo milk","url":"search?search-bar=homo%20milk"},{"text":"english muffins","url":"search?search-bar=english%20muffins"},{"text":"breakfast sausage","url":"search?search-bar=breakfast%20sausage"},{"text":"lactose free milk","url":"search?search-bar=lactose%20free%20milk"},{"text":"cheese slices","url":"search?search-bar=cheese%20slices"},{"text":"skim milk","url":"search?search-bar=skim%20milk"},{"text":"almond milk","url":"search?search-bar=almond%20milk"},{"text":"cheese","url":"search?search-bar=cheese"},{"text":"egg whites","url":"search?search-bar=egg%20whites"},{"text":"whole wheat bread","url":"search?search-bar=whole%20wheat%20bread"},{"text":"cottage cheese","url":"search?search-bar=cottage%20cheese"},{"text":"bacon","url":"search?search-bar=bacon"}]},"isSSR":true}]}}},"viewMetaData":{"headline":"Eggs - Products for Sale | Loblaws","description":"Browse Eggs products for sale at a store near you. Schedule Delivery or Pickups Online. Subject to Availability.","addMetaNoRobots":false,"canonicalUrlSlug":"search?search-bar=eggs","jsonLd":"{\"@context\":\"https://schema.org/\",\"@type\":\"WebPage\",\"name\":\"Eggs - Products for Sale | Loblaws\",\"url\":\"https://loblaw.ca/search?search-bar\\u003deggs\",\"description\":\"Browse Eggs products for sale at a store near you. Schedule Delivery or Pickups Online. Subject to Availability.\",\"mainEntity\":{\"@context\":\"https://schema.org/\",\"@type\":\"ProductCollection\",\"offers\":{\"@type\":\"Offer\",\"itemOffered\":[{\"@context\":\"https://schema.org/\",\"@type\":\"Product\",\"name\":\"Original | Source of Omega-3 and Zero Trans Fat per Serving\",\"url\":\"/en/original-source-of-omega-3-and-zero-trans-fat-per/p/20297818002_EA\",\"image\":\"https://digital.loblaws.ca/PCX/20297818002_EA/en/1/20297818002_en_front_1200.png\",\"sku\":\"20297818002_EA\",\"description\":\"\\u003cp\\u003eProudly made in Canada from domestic and imported ingredients, Becel Original has been a staple in Canadians\\u0027 kitchens for over 40 years. Whether it\\u0027s a freshly toasted bagel to start your day, eggs scrambled to perfection for a simple lunch, or a batch of delightfully soft and chewy cookies, treat your family to that iconic Becel taste you know and love. Ideal for cooking, baking or spreading, Becel Original can be used as a 1:1 swap for butter in your favourite sweet or savoury dish.\\u003cbr\\u003e\\u003cbr\\u003eA healthy diet low in saturated and trans fats may reduce the risk of heart disease. Becel is low in saturated fat and has no trans fat. No artificial preservatives, flavours or colours. Made with plant-based oils.\\u003c/p\\u003e\",\"brand\":\"Becel\",\"offers\":{\"@type\":\"Offer\",\"price\":9.49,\"priceCurrency\":\"CAD\",\"itemCondition\":\"https://schema.org/NewCondition\",\"url\":\"/en/original-source-of-omega-3-and-zero-trans-fat-per/p/20297818002_EA\"}},{\"@context\":\"https://schema.org/\",\"@type\":\"Product\",\"name\":\"Large Grade A Eggs\",\"url\":\"/en/large-grade-a-eggs/p/20812144001_EA\",\"image\":\"https://digital.loblaws.ca/PCX/20812144001_EA/en/1/20812144001_en_front_1200.png\",\"sku\":\"20812144001_EA\",\"description\":\"Eggs range in size (extra-large, large, medium, etc.) and their shells are either white or brown, depending on the breed of the hen. Crack the thin, protective shell against the edge of a bowl (with one hand, if you want to impress your friends) and use the yolk and egg white inside for your favourite breakfast recipes and desserts.\",\"brand\":\"No Name\",\"offers\":{\"@type\":\"Offer\",\"price\":3.99,\"priceCurrency\":\"CAD\",\"itemCondition\":\"https://schema.org/NewCondition\",\"url\":\"/en/large-grade-a-eggs/p/20812144001_EA\"}},{\"@context\":\"https://schema.org/\",\"@type\":\"Product\",\"name\":\"Free-Range Large Brown Eggs, Club Pack (30 Count)\",\"url\":\"/en/free-range-large-brown-eggs-club-pack-30-count/p/21205224001_EA\",\"image\":\"https://digital.loblaws.ca/PCX/21205224001_EA/en/1/21205224001_en_front_1200.png\",\"sku\":\"21205224001_EA\",\"description\":\"\\u003cp\\u003e✓ Did you know…all PC® eggs are consciously sourced from farms using 100% cage-free spaces.\\u003c/p\\u003e\",\"brand\":\"PC Organics\",\"offers\":{\"@type\":\"Offer\",\"price\":17.25,\"priceCurrency\":\"CAD\",\"itemCondition\":\"https://schema.org/NewCondition\",\"url\":\"/en/free-range-large-brown-eggs-club-pack-30-count/p/21205224001_EA\"}},{\"@context\":\"https://schema.org/\",\"@type\":\"Product\",\"name\":\"Grade A Extra Large Eggs\",\"url\":\"/en/grade-a-extra-large-eggs/p/20812726001_EA\",\"image\":\"https://digital.loblaws.ca/PCX/20812726001_EA/en/1/20812726001_enfr_front_1200.png\",\"sku\":\"20812726001_EA\",\"description\":\"Eggs range in size (extra-large, large, medium, etc.) and their shells are either white or brown, depending on the breed of the hen. Crack the thin, protective shell against the edge of a bowl (with one hand, if you want to impress your friends) and use the yolk and egg white inside for your favourite breakfast recipes and desserts.\",\"brand\":\"No Name\",\"offers\":{\"@type\":\"Offer\",\"price\":4.69,\"priceCurrency\":\"CAD\",\"itemCondition\":\"https://schema.org/NewCondition\",\"url\":\"/en/grade-a-extra-large-eggs/p/20812726001_EA\"}},{\"@context\":\"https://schema.org/\",\"@type\":\"Product\",\"name\":\"Naturegg Omega Plus White Eggs, Large\",\"url\":\"/en/naturegg-omega-plus-white-eggs-large/p/20815787001_EA\",\"image\":\"https://digital.loblaws.ca/PCX/20815787001_EA/en/1/20815787001_en_front_1200.png\",\"sku\":\"20815787001_EA\",\"description\":\"Omega-3 eggs are produced from hens that have been fed a flax-based diet. They provide an additional source of omega-3 fatty acids and can be used in the same ways as regular eggs. Crack the thin, protective shell against the edge of a bowl (with one hand, if you want to impress your friends) and use the yolk and egg white inside for your favourite breakfast recipes and desserts.\",\"brand\":\"Burnbrae Farms\",\"offers\":{\"@type\":\"Offer\",\"price\":6.50,\"priceCurrency\":\"CAD\",\"itemCondition\":\"https://schema.org/NewCondition\",\"url\":\"/en/naturegg-omega-plus-white-eggs-large/p/20815787001_EA\"}},{\"@context\":\"https://schema.org/\",\"@type\":\"Product\",\"name\":\"Free Run Brown Eggs Large\",\"url\":\"/en/free-run-brown-eggs-large/p/20813628001_EA\",\"image\":\"https://digital.loblaws.ca/PCX/20813628001_EA/en/1/20813628001_en_front_1200.png\",\"sku\":\"20813628001_EA\",\"description\":\"\\u003cp\\u003eThese Canada Grade A eggs are exclusively from hens who live in an open-concept barn environment where they are free to roam, feed and nest. One of the most versatile ingredients in the kitchen, choose from our large eggs with 6 g of protein each or our extra large eggs with 7 g of protein each. Canada’s Food Guide considers 2 eggs to be one serving from the Meat and Alternatives food group.\\u003c/p\\u003e\\u003cp\\u003e\\u003cbr\\u003e\\u003c/p\\u003e\\u003cp\\u003e\\u003cspan style\\u003d\\\"color: rgb(130, 130, 130); font-family: helvetica, arial, sans-serif; font-size: 15.2px; font-style: normal; font-variant-ligatures: normal; font-variant-caps: normal; font-weight: 400; letter-spacing: normal; orphans: 2; text-align: left; text-indent: 0px; text-transform: none; widows: 2; word-spacing: 0px; -webkit-text-stroke-width: 0px; white-space: normal; background-color: rgb(255, 255, 255); text-decoration-thickness: initial; text-decoration-style: initial; text-decoration-color: initial; display: inline !important; float: none;\\\"\\u003e✓ Did you know…all PC® eggs are consciously sourced from farms using 100% cage-free spaces.\\u003c/span\\u003e\\u003c/p\\u003e\",\"brand\":\"President\\u0027s Choice\",\"offers\":{\"@type\":\"Offer\",\"price\":7.15,\"priceCurrency\":\"CAD\",\"itemCondition\":\"https://schema.org/NewCondition\",\"url\":\"/en/free-run-brown-eggs-large/p/20813628001_EA\"}},{\"@context\":\"https://schema.org/\",\"@type\":\"Product\",\"name\":\"Grade A Large Eggs\",\"url\":\"/en/grade-a-large-eggs/p/20814294001_EA\",\"image\":\"https://digital.loblaws.ca/PCX/20814294001_EA/en/1/6565100001_enfr_front_centre_marketing_GS1_Ecommerce_1200.png\",\"sku\":\"20814294001_EA\",\"description\":\"Since 1893.\\u003cbr\\u003e\\u003cbr\\u003eFrom Our Family to Yours!\",\"brand\":\"Burnbrae Farms\",\"offers\":{\"@type\":\"Offer\",\"price\":7.24,\"priceCurrency\":\"CAD\",\"itemCondition\":\"https://schema.org/NewCondition\",\"url\":\"/en/grade-a-large-eggs/p/20814294001_EA\"}},{\"@context\":\"https://schema.org/\",\"@type\":\"Product\",\"name\":\"Eggs, Medium\",\"url\":\"/en/eggs-medium/p/21685186001_EA\",\"image\":\"https://digital.loblaws.ca/PCX/21685186001_EA/en/1/21685186001_en_front_1200.png\",\"sku\":\"21685186001_EA\",\"description\":\"\\u003cp\\u003eA\\r\\n  kitchen essential for baking and cooking your favourite recipes, add Medium\\r\\n  Size Eggs to your shopping list. They\\u0027re perfect for making omelettes, egg\\r\\n  sandwiches, quiches, muffins, and more. The pack contains 30 eggs for the\\r\\n  whole family.\\u003c/p\\u003e\",\"brand\":\"No Name\",\"offers\":{\"@type\":\"Offer\",\"price\":9.52,\"priceCurrency\":\"CAD\",\"itemCondition\":\"https://schema.org/NewCondition\",\"url\":\"/en/eggs-medium/p/21685186001_EA\"}},{\"@context\":\"https://schema.org/\",\"@type\":\"Product\",\"name\":\"Free Range Large Brown Eggs\",\"url\":\"/en/free-range-large-brown-eggs/p/20813711001_EA\",\"image\":\"https://digital.loblaws.ca/PCX/20813711001_EA/en/1/20813711001_en_front_1200.png\",\"sku\":\"20813711001_EA\",\"description\":\"\\u003cp\\u003eFeel good about picking up Organics Free Range Large Brown Eggs. This carton comes with 12 eggs, perfect for your cooking and baking needs.\\u003c/p\\u003e\\u003cp\\u003e\\u003cbr\\u003e\\u003c/p\\u003e\\u003cp\\u003e\\u003cspan style\\u003d\\\"color: rgb(130, 130, 130); font-family: helvetica, arial, sans-serif; font-size: 15.2px; font-style: normal; font-variant-ligatures: normal; font-variant-caps: normal; font-weight: 400; letter-spacing: normal; orphans: 2; text-align: left; text-indent: 0px; text-transform: none; widows: 2; word-spacing: 0px; -webkit-text-stroke-width: 0px; white-space: normal; background-color: rgb(255, 255, 255); text-decoration-thickness: initial; text-decoration-style: initial; text-decoration-color: initial; display: inline !important; float: none;\\\"\\u003e✓ Did you know…all PC® eggs are consciously sourced from farms using 100% cage-free spaces.\\u003c/span\\u003e\\u003c/p\\u003e\",\"brand\":\"PC Organics\",\"offers\":{\"@type\":\"Offer\",\"price\":7.89,\"priceCurrency\":\"CAD\",\"itemCondition\":\"https://schema.org/NewCondition\",\"url\":\"/en/free-range-large-brown-eggs/p/20813711001_EA\"}},{\"@context\":\"https://schema.org/\",\"@type\":\"Product\",\"name\":\"Eggo Original Waffles, 8 waffles\",\"url\":\"/en/eggo-original-waffles-8-waffles/p/20302779_EA\",\"image\":\"https://digital.loblaws.ca/PCX/20302779_EA/en/1/20302779_en_front_1200.png\",\"sku\":\"20302779_EA\",\"description\":\"\\u003cp\\u003eOur classic Eggo® waffle. Crispy on the outside, fluffy in the inside, so delicious you can\\u0027t just L\\u0027Eggo! The taste of homemade without all of the work. Enjoy the crispy, convenient family favourite.\\u003c/p\\u003e\\u003cul\\u003e\\u003cli\\u003e180 cal per serving (2 waffles)\\u003c/li\\u003e\\u003cli\\u003eNo artificial flavours or colours\\u003c/li\\u003e\\u003cli\\u003eLow in sugar\\u003c/li\\u003e\\u003cli\\u003eSource of 7 vitamins and minerals\\u003c/li\\u003e\\u003cli\\u003eCrispy on the outside, fluffy in the inside\\u003c/li\\u003e\\u003c/ul\\u003e\",\"brand\":\"Kelloggs\",\"offers\":{\"@type\":\"Offer\",\"price\":4.49,\"priceCurrency\":\"CAD\",\"itemCondition\":\"https://schema.org/NewCondition\",\"url\":\"/en/eggo-original-waffles-8-waffles/p/20302779_EA\"}},{\"@context\":\"https://schema.org/\",\"@type\":\"Product\",\"name\":\"Grade A Large Brown Eggs\",\"url\":\"/en/grade-a-large-brown-eggs/p/20813936001_EA\",\"image\":\"https://digital.loblaws.ca/PCX/20813936001_EA/en/1/20813936001_en_front_1200.png\",\"sku\":\"20813936001_EA\",\"description\":\"Eggs range in size (extra-large, large, medium, etc.) and their shells are either white or brown, depending on the breed of the hen. Crack the thin, protective shell against the edge of a bowl (with one hand, if you want to impress your friends) and use the yolk and egg white inside for your favourite breakfast recipes and desserts.\",\"brand\":\"No Name\",\"offers\":{\"@type\":\"Offer\",\"price\":6.29,\"priceCurrency\":\"CAD\",\"itemCondition\":\"https://schema.org/NewCondition\",\"url\":\"/en/grade-a-large-brown-eggs/p/20813936001_EA\"}},{\"@context\":\"https://schema.org/\",\"@type\":\"Product\",\"name\":\"Thick Cut Fully Cooked Bacon\",\"url\":\"/en/thick-cut-fully-cooked-bacon/p/21669805_EA\",\"image\":\"https://digital.loblaws.ca/PCX/21669805_EA/en/1/21669805_en_front_1200.png\",\"sku\":\"21669805_EA\",\"description\":\"\\u003cp\\u003eSchneiders® Thick Cut Fully Cooked Bacon makes a quick and easy addition to any meal. Ready in just 10 seconds, these pre-cooked bacon strips deliver the classic hardwood smoked bacon flavour Canadians know and love. Whether paired with eggs for breakfast or layered in a BLT for lunch, these bacon strips make meal prep quick, easy and delicious. With approximately 10 thick-cut strips per package, there’s enough to share with the whole family - perfect for busy weekdays or weekend brunches. Made with no artificial colours or flavours, these bacon strips offer authentic, real bacon taste. Since 1890, Schneiders® brand has established a rich heritage of original and authentic recipes using premium ingredients and taking all the time needed to honour the origin and inspiration of each recipe. Quality never gets old™.\\u003c/p\\u003e\\u003cul\\u003e\\u003cli\\u003eClassic Taste: Enjoy the classic hardwood smoked bacon flavour Canadians know and love\\u003c/li\\u003e\\u003cli\\u003eFully Cooked: Ready in 10 seconds, fit real bacon into your schedule - from busy mornings to quick dinners and everything in between.\\u003c/li\\u003e\\u003cli\\u003eThick Cut: Schneiders® hearty thick cut bacon strips make a satisfying addition to any meal\\u003c/li\\u003e\\u003cli\\u003eReal Bacon: Made without any artificial colours or flavours for classic bacon taste and texture\\u003c/li\\u003e\\u003cli\\u003eQuality Never Gets Old™: Schneiders® — delivering authentic flavours and premium quality since 1890\\u003c/li\\u003e\\u003c/ul\\u003e\",\"brand\":\"Schneiders\",\"offers\":{\"@type\":\"Offer\",\"price\":10.00,\"priceCurrency\":\"CAD\",\"itemCondition\":\"https://schema.org/NewCondition\",\"url\":\"/en/thick-cut-fully-cooked-bacon/p/21669805_EA\"}},{\"@context\":\"https://schema.org/\",\"@type\":\"Product\",\"name\":\"Eggo Original Waffles, 16 waffles\",\"url\":\"/en/eggo-original-waffles-16-waffles/p/20099730004_EA\",\"image\":\"https://digital.loblaws.ca/PCX/20099730004_EA/en/1/20099730004_en_front_1200.png\",\"sku\":\"20099730004_EA\",\"description\":\"\\u003cp\\u003eOur classic Eggo® waffle. Crispy on the outside, fluffy in the inside, so delicious you can\\u0027t just L\\u0027Eggo! The taste of homemade without all of the work. Enjoy the crispy, convenient family favourite.\\u003c/p\\u003e\\u003cul\\u003e\\u003cli\\u003e180 cal per serving (2 waffles)\\u003c/li\\u003e\\u003cli\\u003eNo artificial flavours or colours\\u003c/li\\u003e\\u003cli\\u003eLow in sugar\\u003c/li\\u003e\\u003cli\\u003eSource of 7 vitamins and minerals\\u003c/li\\u003e\\u003cli\\u003eCrispy on the outside, fluffy in the inside\\u003c/li\\u003e\\u003c/ul\\u003e\",\"brand\":\"Kelloggs\",\"offers\":{\"@type\":\"Offer\",\"price\":5.00,\"priceCurrency\":\"CAD\",\"itemCondition\":\"https://schema.org/NewCondition\",\"url\":\"/en/eggo-original-waffles-16-waffles/p/20099730004_EA\"}},{\"@context\":\"https://schema.org/\",\"@type\":\"Product\",\"name\":\"Nibblers Smokey Bacon Natural Cheese Snacks\",\"url\":\"/en/nibblers-smokey-bacon-natural-cheese-snacks/p/21540213_EA\",\"image\":\"https://digital.loblaws.ca/PCX/21540213_EA/en/1/21540213_en_front_1200.png\",\"sku\":\"21540213_EA\",\"description\":\"Savoury as can be! Smokey Bacon will rev up your taste buds and savour the home style flavour. Known for its mouth-watering flavour with the same firmness as cheese but has a springy texture. A snack time favourite, high in protein, available in many delicious flavours for the whole family!Armstrong Nibblers is the proud winner of the 2024 Best New Product Award!*CANADIANS CRAVE ARMSTRONG CHEESESTRONG ON HERITAGESince 1902, our master cheesemakers have passed along their knowledge and expertise to bring you Cheddar cheese at its best.STRONG ON CHEDDAROur natural cheeses are made from fresh milk and will taste delicious in your recipes.STRONG ON VALUESWe believe the best dairy products begin with milk from healthy, well cared for animals. We pledge to continue to promote best practices in dairy animal care.*Best New Product for Snacking Cheese category in a 2024 BrandSpark® survey.\",\"brand\":\"Armstrong\",\"offers\":{\"@type\":\"Offer\",\"price\":5.00,\"priceCurrency\":\"CAD\",\"itemCondition\":\"https://schema.org/NewCondition\",\"url\":\"/en/nibblers-smokey-bacon-natural-cheese-snacks/p/21540213_EA\"}},{\"@context\":\"https://schema.org/\",\"@type\":\"Product\",\"name\":\"Naturegg Nest Laid White Eggs, Large\",\"url\":\"/en/naturegg-nest-laid-white-eggs-large/p/20816075001_EA\",\"image\":\"https://digital.loblaws.ca/PCX/20816075001_EA/en/1/20816075001_en_front_1200.png\",\"sku\":\"20816075001_EA\",\"description\":\"Eggs range in size (extra-large, large, medium, etc.) and their shells are either white or brown, depending on the breed of the hen. Crack the thin, protective shell against the edge of a bowl (with one hand, if you want to impress your friends) and use the yolk and egg white inside for your favourite breakfast recipes and desserts.\",\"brand\":\"Burnbrae Farms\",\"offers\":{\"@type\":\"Offer\",\"price\":5.50,\"priceCurrency\":\"CAD\",\"itemCondition\":\"https://schema.org/NewCondition\",\"url\":\"/en/naturegg-nest-laid-white-eggs-large/p/20816075001_EA\"}}]}},\"relatedLink\":[\"search?search-bar\\u003dbutter\",\"search?search-bar\\u003dmilk\",\"search?search-bar\\u003ddairy%20\\u0026%20eggs\",\"search?search-bar\\u003dbread\",\"search?search-bar\\u003dcream\",\"search?search-bar\\u003dwhole%20eggs\",\"search?search-bar\\u003dmargarine\",\"search?search-bar\\u003dturkey%20bacon\",\"search?search-bar\\u003dhomo%20milk\",\"search?search-bar\\u003denglish%20muffins\",\"search?search-bar\\u003dbreakfast%20sausage\",\"search?search-bar\\u003dlactose%20free%20milk\",\"search?search-bar\\u003dcheese%20slices\",\"search?search-bar\\u003dskim%20milk\",\"search?search-bar\\u003dalmond%20milk\",\"search?search-bar\\u003dcheese\",\"search?search-bar\\u003degg%20whites\",\"search?search-bar\\u003dwhole%20wheat%20bread\",\"search?search-bar\\u003dcottage%20cheese\",\"search?search-bar\\u003dbacon\"]}"},"viewAnalytics":{"mediaAnalytics":{"target_page_type":"SRP"},"dsModel":null},"theme":{"name":"pcx-web-pcx","version":"latest","env":"production"}},"pageNumber":1,"analyticsPageContext":{"analyticsPageName":"srp","page_name":"search-results","page_num":1,"page_template":"srp","page_cms":"contentful","contentful_page_id":"pcx-srp-common-page"},"_sentryTraceData":"a65d078f4a524a0a8b7d952a367d4d60-b2145a433b155fa4-0","_sentryBaggage":"sentry-environment=production,sentry-release=production-1.8.2-a099d8fa,sentry-public_key=46d74b2baccc721b7e856fce4eb4336a,sentry-trace_id=a65d078f4a524a0a8b7d952a367d4d60,sentry-sample_rate=0.3,sentry-transaction=%2Fsearch,sentry-sampled=false"},"__N_SSP":true},"page":"/search","query":{"search-bar":"eggs"},"buildId":"ngMJ3exLB3vg9n4zo2ym1","assetPrefix":"https://assets.loblaws.ca/pcx-iceberg/builds/production/1.8.2/a099d8fa","isFallback":false,"isExperimentalCompile":false,"gssp":true,"locale":"en","locales":["default","en","fr"],"defaultLocale":"default","scriptLoader":[{"id":"gtm-script","strategy":"afterInteractive","children":"!function(e,t,a,n,g){e[n]=e[n]||[],e[n].push({\"gtm.start\":(new Date).getTime(),event:\"gtm.js\"});\n              var m=t.getElementsByTagName(a)[0],r=t.createElement(a);r.async=!0,r.src=\"https://www.googletagmanager.com/gtm.js?id=GTM-NPWHZ7F\",\n              m.parentNode.insertBefore(r,m)}(window,document,\"script\",\"dataLayer\");"},{"id":"gtm-script-2","strategy":"afterInteractive","children":"(function(w,d,s,l,i){w[l]=w[l]||[];w[l].push({\"gtm.start\":new Date().getTime(),event:\"gtm.js\"});var f=d.getElementsByTagName(s)[0],j=d.createElement(s),dl=l!=\"dataLayer\"?\"\u0026l=\"+l:\"\";j.async=true;j.src=\"https://www.googletagmanager.com/gtm.js?id=\"+i+dl;f.parentNode.insertBefore(j,f);})(window,document,\"script\",\"analyticsLayer\",\"GTM-WSZ6X6NM\");!function(e,t,a,n,g){e[n]=e[n]||[],e[n].push({\"gtm.start\":(new Date).getTime(),event:\"gtm.js\"});var m=t.getElementsByTagName(a)[0],r=t.createElement(a);r.async=!0,r.src=\"https://www.googletagmanager.com/gtm.js?id=GTM-NPWHZ7F\",m.parentNode.insertBefore(r,m)}(window,document,\"script\",\"dataLayer\");"},{"async":true,"id":"gpt-script","src":"https://securepubads.g.doubleclick.net/tag/js/gpt.js","strategy":"lazyOnload"},{"id":"add-block-detection","strategy":"afterInteractive","children":"function detectAdBlock(){try{fetch(new Request(\"https://pagead2.googlesyndication.com/pagead/js/adsbygoogle.js\")).catch(e=\u003edataLayer.push({event:\"AdBlocker\"}))}catch(e){dataLayer.push({event:\"AdBlocker\"})}}dataLayer\u0026\u0026detectAdBlock();"},{"async":true,"id":"kameleoon-script","src":"https://0u99zf5tcp.kameleoon.eu/kameleoon.js","strategy":"afterInteractive"},{"data-document-language":"true","data-domain-script":"018df550-b40e-7347-b578-fdb1edbfcb4f","id":"one-trust-pre-script","src":"https://cdn.cookielaw.org/scripttemplates/otSDKStub.js","strategy":"lazyOnload"},{"data-testid":"opt-anon-wrapper","id":"opt-anon-wrapper","strategy":"lazyOnload","children":"\n                    function OptanonWrapper() {\n                      if (\n                        document.getElementById(\"onetrust-banner-sdk\") \u0026\u0026\n                        document.getElementById(\"onetrust-pc-btn-handler\")\n                      ) {\n                        // Get the buttons and container\n                        var acceptBtn = document.getElementById(\"onetrust-accept-btn-handler\");\n                        var cookieSettingsBtn = document.getElementById(\"onetrust-pc-btn-handler\");\n                        var btnContainer = document.getElementById(\"onetrust-button-group\");\n                        // Set the order you want below...\n                        btnContainer.append(acceptBtn, cookieSettingsBtn);\n                      }\n                      if (document.getElementById(\"onetrust-pc-sdk\")) {\n                        //removing accept all button\n                        document.getElementById(\"accept-recommended-btn-handler\") \u0026\u0026\n                          document.getElementById(\"accept-recommended-btn-handler\").remove();\n                      }\n                    \n                      if (typeof OptanonWrapperCount == \"undefined\") {\n                        otGetInitialGrps();\n                      }\n                    \n                      otDeleteCookie(otIniGrps);\n                    \n                      function otGetInitialGrps() {\n                        OptanonWrapperCount = \"\";\n                        otIniGrps = OnetrustActiveGroups;\n                      }\n                    \n                      function otDeleteCookie(iniOptGrpId) {\n                        var otDomainGrps = JSON.parse(\n                          JSON.stringify(Optanon.GetDomainData().Groups),\n                        );\n                        var otDeletedGrpIds = otGetInactiveId(iniOptGrpId, OnetrustActiveGroups);\n                    \n                        if (\n                          iniOptGrpId.length != 0 \u0026\u0026\n                          OnetrustActiveGroups.length != 0 \u0026\u0026\n                          iniOptGrpId.length \u003c OnetrustActiveGroups.length \u0026\u0026\n                          ifNewCategoryConsented(iniOptGrpId, OnetrustActiveGroups)\n                        ) {\n                          window.location.reload();\n                        } else if (otDeletedGrpIds.length != 0 \u0026\u0026 otDomainGrps.length != 0) {\n                          for (var i = 0; i \u003c otDomainGrps.length; i++) {\n                            if (\n                              otDomainGrps[i][\"CustomGroupId\"] != \"\" \u0026\u0026\n                              otDeletedGrpIds.includes(otDomainGrps[i][\"CustomGroupId\"])\n                            ) {\n                              for (var j = 0; j \u003c otDomainGrps[i][\"Cookies\"].length; j++) {\n                                var my_cookie_list = document.cookie.split(\"; \");\n                                for (var k = 0; k \u003c my_cookie_list.length; k++) {\n                                  var temp_cookie = my_cookie_list[k].split(\"=\")[0];\n                                  if (\n                                    temp_cookie.includes(otDomainGrps[i][\"Cookies\"][j][\"Name\"]) \u0026\u0026\n                                    temp_cookie.startsWith(otDomainGrps[i][\"Cookies\"][j][\"Name\"])\n                                  ) {\n                                    eraseCookie(temp_cookie);\n                                  }\n                                }\n                                eraseCookie(otDomainGrps[i][\"Cookies\"][j][\"Name\"]);\n                              }\n                              window.location.reload();\n                            }\n                          }\n                        }\n                        otGetInitialGrps();\n                      }\n                    \n                      function otGetInactiveId(customIniId, otActiveGrp) {\n                        customIniId = customIniId.split(\",\");\n                        customIniId = customIniId.filter(Boolean);\n                        otActiveGrp = otActiveGrp.split(\",\");\n                        otActiveGrp = otActiveGrp.filter(Boolean);\n                        var result = [];\n                        for (var i = 0; i \u003c customIniId.length; i++) {\n                          if (otActiveGrp.indexOf(customIniId[i]) \u003c= -1) {\n                            result.push(customIniId[i]);\n                          }\n                        }\n                        return result;\n                      }\n                    \n                      function ifNewCategoryConsented(customIniId, otActiveGrp) {\n                        customIniId = customIniId.split(\",\");\n                        customIniId = customIniId.filter(Boolean);\n                        otActiveGrp = otActiveGrp.split(\",\");\n                        otActiveGrp = otActiveGrp.filter(Boolean);\n                        return customIniId.every((v) =\u003e otActiveGrp.includes(v));\n                      }\n                    \n                      function eraseCookie(name) {\n                        domainName = window.location.hostname;\n                        document.cookie =\n                          name + \"=; Max-Age=-99999999; Path=/;Domain=\" + domainName;\n                        document.cookie = name + \"=; Max-Age=-99999999; Path=/;\";\n                        // create list of domains used on all banners\n                        var hostName = window.location.host;\n                        var my_domains = [\n                          \"assets.loblaws.ca\",\n                          \"sentry-prod.loblaw.digital\",\n                          \".contentful.com\",\n                          \".pcexpress.ca\",\n                          \".loblaw.ca\",\n                          \".loblaw.digital\",\n                          \".loblaws.ca\",\n                          \".zuora.com\",\n                          hostName + \".ca\",\n                          \".\" + hostName + \".ca\",\n                        ];\n                        for (var k = 0; k \u003c my_domains.length; k++) {\n                          document.cookie =\n                            name + \"=; Max-Age=-99999999; Path=/;Domain=\" + my_domains[k];\n                        }\n                        localStorage.removeItem(name);\n                        pathArray = window.location.pathname.split(\"/\");\n                        for (var i = 0; i \u003c pathArray.length; i++) {\n                          if (pathArray[i]) {\n                            var currentPath = pathArray.slice(0, i + 1).join(\"/\");\n                            document.cookie =\n                              name +\n                              \"=; Max-Age=-99999999; Path=\" +\n                              currentPath +\n                              \";Domain=\" +\n                              domainName;\n                            document.cookie =\n                              name + \"=; Max-Age=-99999999; Path=\" + currentPath + \";\";\n                            document.cookie =\n                              name +\n                              \"=; Max-Age=-99999999; Path=\" +\n                              currentPath +\n                              \"/;Domain=\" +\n                              domainName;\n                            document.cookie =\n                              name + \"=; Max-Age=-99999999; Path=\" + currentPath + \"/;\";\n                          }\n                        }\n                      }\n                    }\n                    "},{"defer":true,"id":"zuora-script","src":"https://static.zuora.com/Resources/libs/hosted/1.3.1/zuora-min.js","strategy":"lazyOnload"}]}</script><script type="text/javascript" src="/UIf3PNtTl/Ha8J/CDeIy/ZjIioFq1E/fiiwhLpcYJkDVSfiXa/QFJ-eUU/BD8BJUc/eDhE"></script><script id="gtm-script" data-nscript="afterInteractive">!function(e,t,a,n,g){e[n]=e[n]||[],e[n].push({"gtm.start":(new Date).getTime(),event:"gtm.js"});
              var m=t.getElementsByTagName(a)[0],r=t.createElement(a);r.async=!0,r.src="https://www.googletagmanager.com/gtm.js?id=GTM-NPWHZ7F",
              m.parentNode.insertBefore(r,m)}(window,document,"script","dataLayer");</script><script id="gtm-script-2" data-nscript="afterInteractive">(function(w,d,s,l,i){w[l]=w[l]||[];w[l].push({"gtm.start":new Date().getTime(),event:"gtm.js"});var f=d.getElementsByTagName(s)[0],j=d.createElement(s),dl=l!="dataLayer"?"&l="+l:"";j.async=true;j.src="https://www.googletagmanager.com/gtm.js?id="+i+dl;f.parentNode.insertBefore(j,f);})(window,document,"script","analyticsLayer","GTM-WSZ6X6NM");!function(e,t,a,n,g){e[n]=e[n]||[],e[n].push({"gtm.start":(new Date).getTime(),event:"gtm.js"});var m=t.getElementsByTagName(a)[0],r=t.createElement(a);r.async=!0,r.src="https://www.googletagmanager.com/gtm.js?id=GTM-NPWHZ7F",m.parentNode.insertBefore(r,m)}(window,document,"script","dataLayer");</script><script id="add-block-detection" data-nscript="afterInteractive">function detectAdBlock(){try{fetch(new Request("https://pagead2.googlesyndication.com/pagead/js/adsbygoogle.js")).catch(e=>dataLayer.push({event:"AdBlocker"}))}catch(e){dataLayer.push({event:"AdBlocker"})}}dataLayer&&detectAdBlock();</script><script src="https://0u99zf5tcp.kameleoon.eu/kameleoon.js" async="true" id="kameleoon-script" data-nscript="afterInteractive"></script><next-route-announcer><p aria-live="assertive" id="__next-route-announcer__" role="alert" style="border: 0px; clip: rect(0px, 0px, 0px, 0px); height: 1px; margin: -1px; overflow: hidden; padding: 0px; position: absolute; top: 0px; width: 1px; white-space: nowrap; overflow-wrap: normal;"></p></next-route-announcer><div class="chakra-portal"><ul role="region" aria-live="polite" id="chakra-toast-manager-top" style="position: fixed; z-index: 5500; pointer-events: none; display: flex; flex-direction: column; margin: 0px auto; top: env(safe-area-inset-top, 0px); right: env(safe-area-inset-right, 0px); left: env(safe-area-inset-left, 0px);"></ul><ul role="region" aria-live="polite" id="chakra-toast-manager-top-left" style="position: fixed; z-index: 5500; pointer-events: none; display: flex; flex-direction: column; top: env(safe-area-inset-top, 0px); left: env(safe-area-inset-left, 0px);"></ul><ul role="region" aria-live="polite" id="chakra-toast-manager-top-right" style="position: fixed; z-index: 5500; pointer-events: none; display: flex; flex-direction: column; top: env(safe-area-inset-top, 0px); right: env(safe-area-inset-right, 0px);"></ul><ul role="region" aria-live="polite" id="chakra-toast-manager-bottom-left" style="position: fixed; z-index: 5500; pointer-events: none; display: flex; flex-direction: column; bottom: env(safe-area-inset-bottom, 0px); left: env(safe-area-inset-left, 0px);"></ul><ul role="region" aria-live="polite" id="chakra-toast-manager-bottom" style="position: fixed; z-index: 5500; pointer-events: none; display: flex; flex-direction: column; margin: 0px auto; bottom: env(safe-area-inset-bottom, 0px); right: env(safe-area-inset-right, 0px); left: env(safe-area-inset-left, 0px);"></ul><ul role="region" aria-live="polite" id="chakra-toast-manager-bottom-right" style="position: fixed; z-index: 5500; pointer-events: none; display: flex; flex-direction: column; bottom: env(safe-area-inset-bottom, 0px); right: env(safe-area-inset-right, 0px);"></ul></div><div style="display: none; visibility: hidden;">
<script>!function(b,e,f,g,a,c,d){b.fbq||(a=b.fbq=function(){a.callMethod?a.callMethod.apply(a,arguments):a.queue.push(arguments)},b._fbq||(b._fbq=a),a.push=a,a.loaded=!0,a.version="2.0",a.queue=[],c=e.createElement(f),c.async=!0,c.src=g,d=e.getElementsByTagName(f)[0],d.parentNode.insertBefore(c,d))}(window,document,"script","https://connect.facebook.net/en_US/fbevents.js");fbq("init","611159122717147");fbq("init","408759993146884");fbq("track","PageView");</script>
<noscript></noscript>
</div><div id="adBlockerCheck" class="ad-placement"></div><script src="https://securepubads.g.doubleclick.net/tag/js/gpt.js" async="true" id="gpt-script" data-nscript="lazyOnload"></script><script src="https://cdn.cookielaw.org/scripttemplates/otSDKStub.js" data-document-language="true" data-domain-script="018df550-b40e-7347-b578-fdb1edbfcb4f" id="one-trust-pre-script" data-nscript="lazyOnload"></script><script data-testid="opt-anon-wrapper" id="opt-anon-wrapper" data-nscript="lazyOnload">
                    function OptanonWrapper() {
                      if (
                        document.getElementById("onetrust-banner-sdk") &&
                        document.getElementById("onetrust-pc-btn-handler")
                      ) {
                        // Get the buttons and container
                        var acceptBtn = document.getElementById("onetrust-accept-btn-handler");
                        var cookieSettingsBtn = document.getElementById("onetrust-pc-btn-handler");
                        var btnContainer = document.getElementById("onetrust-button-group");
                        // Set the order you want below...
                        btnContainer.append(acceptBtn, cookieSettingsBtn);
                      }
                      if (document.getElementById("onetrust-pc-sdk")) {
                        //removing accept all button
                        document.getElementById("accept-recommended-btn-handler") &&
                          document.getElementById("accept-recommended-btn-handler").remove();
                      }
                    
                      if (typeof OptanonWrapperCount == "undefined") {
                        otGetInitialGrps();
                      }
                    
                      otDeleteCookie(otIniGrps);
                    
                      function otGetInitialGrps() {
                        OptanonWrapperCount = "";
                        otIniGrps = OnetrustActiveGroups;
                      }
                    
                      function otDeleteCookie(iniOptGrpId) {
                        var otDomainGrps = JSON.parse(
                          JSON.stringify(Optanon.GetDomainData().Groups),
                        );
                        var otDeletedGrpIds = otGetInactiveId(iniOptGrpId, OnetrustActiveGroups);
                    
                        if (
                          iniOptGrpId.length != 0 &&
                          OnetrustActiveGroups.length != 0 &&
                          iniOptGrpId.length < OnetrustActiveGroups.length &&
                          ifNewCategoryConsented(iniOptGrpId, OnetrustActiveGroups)
                        ) {
                          window.location.reload();
                        } else if (otDeletedGrpIds.length != 0 && otDomainGrps.length != 0) {
                          for (var i = 0; i < otDomainGrps.length; i++) {
                            if (
                              otDomainGrps[i]["CustomGroupId"] != "" &&
                              otDeletedGrpIds.includes(otDomainGrps[i]["CustomGroupId"])
                            ) {
                              for (var j = 0; j < otDomainGrps[i]["Cookies"].length; j++) {
                                var my_cookie_list = document.cookie.split("; ");
                                for (var k = 0; k < my_cookie_list.length; k++) {
                                  var temp_cookie = my_cookie_list[k].split("=")[0];
                                  if (
                                    temp_cookie.includes(otDomainGrps[i]["Cookies"][j]["Name"]) &&
                                    temp_cookie.startsWith(otDomainGrps[i]["Cookies"][j]["Name"])
                                  ) {
                                    eraseCookie(temp_cookie);
                                  }
                                }
                                eraseCookie(otDomainGrps[i]["Cookies"][j]["Name"]);
                              }
                              window.location.reload();
                            }
                          }
                        }
                        otGetInitialGrps();
                      }
                    
                      function otGetInactiveId(customIniId, otActiveGrp) {
                        customIniId = customIniId.split(",");
                        customIniId = customIniId.filter(Boolean);
                        otActiveGrp = otActiveGrp.split(",");
                        otActiveGrp = otActiveGrp.filter(Boolean);
                        var result = [];
                        for (var i = 0; i < customIniId.length; i++) {
                          if (otActiveGrp.indexOf(customIniId[i]) <= -1) {
                            result.push(customIniId[i]);
                          }
                        }
                        return result;
                      }
                    
                      function ifNewCategoryConsented(customIniId, otActiveGrp) {
                        customIniId = customIniId.split(",");
                        customIniId = customIniId.filter(Boolean);
                        otActiveGrp = otActiveGrp.split(",");
                        otActiveGrp = otActiveGrp.filter(Boolean);
                        return customIniId.every((v) => otActiveGrp.includes(v));
                      }
                    
                      function eraseCookie(name) {
                        domainName = window.location.hostname;
                        document.cookie =
                          name + "=; Max-Age=-99999999; Path=/;Domain=" + domainName;
                        document.cookie = name + "=; Max-Age=-99999999; Path=/;";
                        // create list of domains used on all banners
                        var hostName = window.location.host;
                        var my_domains = [
                          "assets.loblaws.ca",
                          "sentry-prod.loblaw.digital",
                          ".contentful.com",
                          ".pcexpress.ca",
                          ".loblaw.ca",
                          ".loblaw.digital",
                          ".loblaws.ca",
                          ".zuora.com",
                          hostName + ".ca",
                          "." + hostName + ".ca",
                        ];
                        for (var k = 0; k < my_domains.length; k++) {
                          document.cookie =
                            name + "=; Max-Age=-99999999; Path=/;Domain=" + my_domains[k];
                        }
                        localStorage.removeItem(name);
                        pathArray = window.location.pathname.split("/");
                        for (var i = 0; i < pathArray.length; i++) {
                          if (pathArray[i]) {
                            var currentPath = pathArray.slice(0, i + 1).join("/");
                            document.cookie =
                              name +
                              "=; Max-Age=-99999999; Path=" +
                              currentPath +
                              ";Domain=" +
                              domainName;
                            document.cookie =
                              name + "=; Max-Age=-99999999; Path=" + currentPath + ";";
                            document.cookie =
                              name +
                              "=; Max-Age=-99999999; Path=" +
                              currentPath +
                              "/;Domain=" +
                              domainName;
                            document.cookie =
                              name + "=; Max-Age=-99999999; Path=" + currentPath + "/;";
                          }
                        }
                      }
                    }
                    </script><script src="https://static.zuora.com/Resources/libs/hosted/1.3.1/zuora-min.js" defer="true" id="zuora-script" data-nscript="lazyOnload"></script><script src="https://assets.loblaws.ca/pcx-iceberg/builds/production/1.8.2/a099d8fa/_next/static/chunks/pages/homepage-dbb6bd85a8d5c964.js"></script><div style="display: none; visibility: hidden;">
<script>!function(b,e,f,g,a,c,d){b.fbq||(a=b.fbq=function(){a.callMethod?a.callMethod.apply(a,arguments):a.queue.push(arguments)},b._fbq||(b._fbq=a),a.push=a,a.loaded=!0,a.version="2.0",a.queue=[],c=e.createElement(f),c.async=!0,c.src=g,d=e.getElementsByTagName(f)[0],d.parentNode.insertBefore(c,d))}(window,document,"script","https://connect.facebook.net/en_US/fbevents.js");fbq("init","611159122717147");fbq("init","408759993146884");fbq("track","PageView");</script>
<noscript></noscript>
</div><script type="text/javascript" id="" charset="">window.cj||(window.cj={});cj.sitePage={enterpriseId:1587319};</script>

<script type="text/javascript" id="" charset="">(function(b,d,c,a){b="https://www.mczbf.com/tags/1061500774760/tag.js";d=document;c="script";a=d.createElement(c);a.src=b;a.type="text/java"+c;a.async=!0;a.id="cjapitag";b=d.getElementsByTagName(c)[0];b.parentNode.insertBefore(a,b)})();</script></body><iframe id="jX9lTDp8szCHdbT0" tabindex="-1" height="0" width="0" style="display: none; visibility: hidden;"></iframe><div tabindex="-1" style="display: none; visibility: hidden;"></div></html>